2658 4117
1116 232 1433 289 OCTAVIA
2153 236 2285 301 425

261 382 328 442 at
373 377 515 460 illa,
562 378 668 443 cui
714 394 817 442 m'e
866 378 1100 443 civium
1149 378 1387 443 subicit
1430 379 1628 464 furor,
2186 398 2291 447 827

261 470 558 550 suspecta
606 468 884 531 coniunx
931 472 996 531 et
1042 490 1222 532 soror
1270 490 1523 551 semper
1565 468 1753 553 mihi,

259 555 519 620 tandem
566 554 774 619 dolori
820 556 1118 639 spiritum
1164 557 1389 621 reddat
1434 578 1578 621 meo

259 645 547 727 iramque
592 648 881 708 nostram
931 646 1240 731 sanguine
1288 647 1627 732 extinguat
1672 667 1805 710 suo,
2184 663 2291 713 830

260 733 537 796 admissa
583 733 693 796 sed
739 733 867 795 iam
913 737 1120 798 morte
1165 735 1381 817 puniri
1426 757 1655 818 parum
1702 739 1825 799 est:
2184 752 2290 801 825

262 822 559 906 graviora
602 822 838 885 meruit
883 822 1157 905 impium
1202 823 1412 906 plebis
1461 824 1695 887 scelus:
2184 840 2289 890 826

260 931 413 973 mox
457 914 629 974 tecta
675 910 954 976 flammis
1001 912 1341 975 concidant
1385 911 1563 976 urbis
1609 913 1797 996 meis,
2184 929 2285 977 831

260 1000 441 1083 ignes
488 1000 711 1064 ruinae
754 1000 1024 1063 noxium
1070 1001 1386 1083 populum
1434 1004 1730 1084 premant

258 1088 596 1171 turpisque
643 1091 923 1173 egestaS‚
970 1110 1159 1153 saeva
1204 1110 1352 1153 cum
1397 1090 1578 1153 luctu
1623 1090 1842 1154 fames,

259 1176 505 1240 exultat
550 1177 778 1262 ingens
827 1177 1066 1241 saeculi
1109 1179 1317 1241 nostri
1364 1178 1551 1242 bonis

258 1268 561 1348 corrupta
606 1265 797 1329 turba
842 1287 961 1329 nec
1007 1267 1182 1349 capit
1228 1266 1634 1331 clementiam
2184 1282 2289 1331 835

257 1354 1218 1526 {ssffrssizuffssffffissiffiffehssiss
1240 1377 1506 1509 Ρῗῗέῗ
1533 1359 1776 1439 Pm’

1514 1495 1532 1527 7

255 1531 412 1595 hinc
456 1532 815 1595 temeritate
860 1532 1066 1596 fertur
1109 1534 1180 1596 in
1223 1554 1528 1615 praeceps
1576 1554 1717 1596 sua:

256 1620 446 1683 malis
495 1619 810 1683 domanda
856 1624 954 1683 est
999 1624 1064 1683 et
1109 1621 1288 1704 gravi
1339 1642 1590 1704 semper
1634 1620 1788 1704 iugo

257 1707 630 1791 premenda,
675 1730 756 1771 116
803 1708 959 1791 quid
1005 1709 1215 1772 simile
1260 1712 1576 1791 temptare
1622 1709 1853 1772 audeat
2186 1724 2291 1774 840

260 1799 610 1878 contraque
657 1800 911 1861 sanctos
961 1797 1255 1881 coniugis
1301 1798 1520 1861 vultus
1567 1818 1745 1861 meae

259 1884 556 1948 attollere
604 1885 852 1968 oculos3
896 1886 1102 1949 fracta
1147 1908 1262 1969 per
1306 1907 1547 1969 poenas
1594 1890 1771 1950 metu

258 1995 481 2057 parere
528 1973 730 2037 discet
775 1974 1083 2057 principis
1130 1978 1292 2038 nutu
1341 1975 1459 2038 sui.

260 2063 371 2127 sed
416 2063 638 2126 adesse
685 2083 875 2127 cerno
920 2086 1066 2128 rara
1113 2085 1302 2146 quem
1349 2065 1558 2147 pietas
1605 2063 1816 2127 virum

257 2152 545 2233 fidesque
593 2153 818 2216 castris
865 2156 1018 2216 nota
1062 2153 1437 2236 praeposuit
1482 2153 1660 2216 meis.
2184 2166 2288 2216 845

831 2397 1400 2464 PRAEFEOTVS
1473 2397 1714 2465 NERO

392 2539 628 2624 Populi
673 2541 955 2606 furorem
1002 2543 1191 2606 caede
1235 2563 1617 2626 paucorum,
1665 2542 1774 2606 diu

258 2629 370 2711 qui
417 2630 792 2694 restiterunt
836 2635 1101 2713 temere,
1149 2652 1589 2714 compressum
1635 2630 1849 2694 affero.

256 2734 416 2781 NER.
462 2717 552 2782 Et
595 2718 721 2782 hoc
766 2723 867 2782 sat
913 2719 1052 2783 est?
1101 2720 1193 2784 sic
1238 2720 1425 2784 miles
1471 2719 1707 2783 audisti
1755 2717 2027 2783 ducem?

259 2807 664 2890 compressit!
711 2807 869 2872 haec
910 2808 1198 2872 vindicta
1244 2809 1511 2873 debetur
1557 2808 1763 2872 mihi‘?

257 2912 503 2958 PRAEF.
553 2894 848 2960 Cecidere
895 2900 1112 2960 motus
1159 2897 1361 2980 impio
1408 2897 1577 2960 ferro
1626 2897 1833 2959 duces.
2183 2909 2289 2959 850

257 3001 414 3047 NER.
464 2982 631 3059 Quid
674 2985 788 3049 illa
832 2986 1049 3067 turba,
1094 2990 1310 3068 petere
1360 3007 1522 3069 quae
1568 2984 1845 3048 flammis
1892 3004 2069 3046 meos

256 3094 413 3136 ausa
458 3076 556 3136 est
601 3076 892 3156 penateS‚
937 3075 1215 3158 principi
1259 3075 1469 3159 legem
1519 3074 1695 3155 dare,

402 3305 524 3352 825.
555 3304 661 3352 826
690 3307 820 3369 post
855 3305 960 3358 830
1003 3301 1275 3355 revocavit
1309 3301 1535 3356 Richter
1595 3302 1614 3370 ΙΙ
1678 3304 1780 3353 827
1821 3301 1879 3353 et
1919 3298 2021 3352 illa
2058 3302 2104 3349 A
2149 3312 2285 3352 corr.

256 3370 433 3424 Bothe
492 3372 500 3440 Ι
558 3369 717 3424 favor
761 3372 994 3440 Bentley
1055 3374 1074 3440 11
1138 3375 1241 3424 833
1287 3371 1555 3441 turpique
1601 3387 1647 3424 6.
1688 3389 1728 3424 s.
1774 3370 2087 3424 cumuletur
2138 3368 2288 3422 fame

256 3440 334 3495 N.
368 3442 638 3496 Heinsius
667 3459 726 3510 p.
757 3445 864 3496 514
892 3444 910 3511 ΙΙ
938 3446 1040 3494 843
1079 3445 1221 3495 nutu
1257 3444 1341 3497 vel
1376 3442 1539 3496 nutui
1576 3446 1622 3493 A
1658 3442 1727 3508 cf.
1765 3445 1875 3495 484
1902 3442 1920 3510 ΙΙ
1948 3442 2109 3496 inser.
2148 3458 2288 3493 nuno

244 3527 358 3570 om.
398 3523 454 3578 ψ
483 3514 501 3580 ΙΙ
530 3517 634 3565 849
671 3512 978 3581 compescit
1014 3517 1060 3564 A
1096 3529 1231 3567 corr.
1264 3514 1465 3581 Peiper
1501 3519 1908 3583 (compressus‘i’
1948 3512 2234 3580 Bu'cheler)
2272 3513 2291 3580 ΙΙ

257 3587 363 3635 850
401 3585 583 3636 metus
620 3588 666 3635 A
702 3600 841 3639 corr.
875 3602 918 3637 α
951 3586 959 3652 Ι
991 3582 1153 3652 impii
1189 3584 1386 3639 Delrio
