<?xml version="1.0" encoding="UTF-8"?>
<!DOCTYPE html PUBLIC "-//W3C//DTD XHTML 1.0 Transitional//EN"
    "http://www.w3.org/TR/xhtml1/DTD/xhtml1-transitional.dtd">
<html xmlns="http://www.w3.org/1999/xhtml" xml:lang="en" lang="en">
 <head>
  <title>
</title>
<meta http-equiv="Content-Type" content="text/html;charset=utf-8" />
  <meta name='ocr-system' content='tesseract 3.04.00' />
  <meta name='ocr-capabilities' content='ocr_page ocr_carea ocr_par ocr_line ocrx_word'/>
</head>
<body>
  <div class='ocr_page' id='page_1' title='image "./senecaetragoedi00senegoog_0186.png"; bbox 0 0 2658 4117; ppageno 0'>
   <div class='ocr_carea' id='block_1_1' title="bbox 369 259 1742 325">
    <p class='ocr_par' dir='ltr' id='par_1_1' title="bbox 369 259 1742 325">
     <span class='ocr_line' id='line_1_1' title="bbox 369 259 1742 325; baseline -0.009 0"><span class='ocrx_word' id='word_1_1' title='bbox 369 260 496 325; x_wconf 83' lang='lat'><strong>134</strong></span> <span class='ocrx_word' id='word_1_2' title='bbox 1007 261 1067 314; x_wconf 88' lang='lat' dir='ltr'><strong>L.</strong></span> <span class='ocrx_word' id='word_1_3' title='bbox 1096 259 1381 313; x_wconf 87' lang='lat' dir='ltr'>ANNAEI</span> <span class='ocrx_word' id='word_1_4' title='bbox 1418 259 1742 314; x_wconf 83' lang='lat' dir='ltr'>SENECAE</span> 
     </span>
    </p>
   </div>
   <div class='ocr_carea' id='block_1_2' title="bbox 358 405 2386 1673">
    <p class='ocr_par' dir='ltr' id='par_1_2' title="bbox 361 405 1711 489">
     <span class='ocr_line' id='line_1_2' title="bbox 361 405 1711 489; baseline 0 -19"><span class='ocrx_word' id='word_1_5' title='bbox 361 405 643 470; x_wconf 88' lang='lat' dir='ltr'><strong>remedia</strong></span> <span class='ocrx_word' id='word_1_6' title='bbox 689 406 983 489; x_wconf 88' lang='lat' dir='ltr'><strong>quotiens</strong></span> <span class='ocrx_word' id='word_1_7' title='bbox 1031 406 1276 470; x_wconf 85' lang='lat' dir='ltr'><strong>invenit</strong></span> <span class='ocrx_word' id='word_1_8' title='bbox 1321 406 1519 469; x_wconf 51' lang='lat' dir='ltr'><strong>nobis¹</strong></span> <span class='ocrx_word' id='word_1_9' title='bbox 1558 406 1711 470; x_wconf 87' lang='lat' dir='ltr'><strong>deus</strong></span> 
     </span>
    </p>

    <p class='ocr_par' dir='ltr' id='par_1_3' title="bbox 361 493 2385 844">
     <span class='ocr_line' id='line_1_3' title="bbox 361 493 2220 579; baseline 0.002 -19"><span class='ocrx_word' id='word_1_10' title='bbox 361 496 665 579; x_wconf 89' lang='lat' dir='ltr'><strong>periculis</strong></span> <span class='ocrx_word' id='word_1_11' title='bbox 712 493 955 578; x_wconf 82' lang='lat' dir='ltr'><strong>peiora:</strong></span> <span class='ocrx_word' id='word_1_12' title='bbox 1004 496 1059 559; x_wconf 92' lang='lat' dir='ltr'><strong>si</strong></span> <span class='ocrx_word' id='word_1_13' title='bbox 1103 496 1338 558; x_wconf 83' lang='lat' dir='ltr'><strong>vellem</strong></span> <span class='ocrx_word' id='word_1_14' title='bbox 1382 494 1577 559; x_wconf 88' lang='lat' dir='ltr'><strong>fidem</strong></span> <span class='ocrx_word' id='word_1_15' title='bbox 2216 558 2220 563; x_wconf 83' lang='grc'><strong>.</strong></span> 
     </span>
     <span class='ocr_line' id='line_1_4' title="bbox 361 584 2385 668; baseline 0 -19"><span class='ocrx_word' id='word_1_16' title='bbox 361 588 691 668; x_wconf 49' lang='grc' dir='ltr'>1110081101οὶ</span> <span class='ocrx_word' id='word_1_17' title='bbox 730 585 974 656; x_wconf 83' lang='lat' dir='ltr'><strong>meritis</strong></span> <span class='ocrx_word' id='word_1_18' title='bbox 1022 585 1344 668; x_wconf 82' lang='lat' dir='ltr'><strong>coniugis,</strong></span> <span class='ocrx_word' id='word_1_19' title='bbox 1388 584 1519 648; x_wconf 83' lang='lat' dir='ltr'><strong>leto</strong></span> <span class='ocrx_word' id='word_1_20' title='bbox 1565 584 1692 647; x_wconf 84' lang='lat' dir='ltr'><strong>fuit</strong></span> <span class='ocrx_word' id='word_1_21' title='bbox 2112 656 2114 658; x_wconf 41' lang='grc'>,</span> <span class='ocrx_word' id='word_1_22' title='bbox 2282 601 2385 651; x_wconf 86' lang='grc'><strong>435</strong></span> 
     </span>
     <span class='ocr_line' id='line_1_5' title="bbox 362 671 2171 757; baseline -0.001 -20"><span class='ocrx_word' id='word_1_23' title='bbox 362 678 557 756; x_wconf 84' lang='lat' dir='ltr'><strong>caput</strong></span> <span class='ocrx_word' id='word_1_24' title='bbox 605 671 1026 757; x_wconf 79' lang='lat' dir='ltr'><strong>offerendum3</strong></span> <span class='ocrx_word' id='word_1_25' title='bbox 1072 674 1127 736; x_wconf 91' lang='lat' dir='ltr'><strong>si</strong></span> <span class='ocrx_word' id='word_1_26' title='bbox 1172 673 1338 736; x_wconf 89' lang='lat' dir='ltr'><strong>mori</strong></span> <span class='ocrx_word' id='word_1_27' title='bbox 1381 674 1650 753; x_wconf 81' lang='lat' dir='ltr'><strong>nollem,</strong></span> <span class='ocrx_word' id='word_1_28' title='bbox 1696 673 1821 736; x_wconf 88' lang='lat' dir='ltr'><strong>fide</strong></span> <span class='ocrx_word' id='word_1_29' title='bbox 2170 694 2171 697; x_wconf 45' lang='lat'>¹</span> 
     </span>
     <span class='ocr_line' id='line_1_6' title="bbox 361 761 1930 844; baseline 0.001 -18"><span class='ocrx_word' id='word_1_30' title='bbox 361 763 594 826; x_wconf 90' lang='lat' dir='ltr'><strong>misero</strong></span> <span class='ocrx_word' id='word_1_31' title='bbox 642 762 1003 825; x_wconf 87' lang='lat' dir='ltr'><strong>carendum.</strong></span> <span class='ocrx_word' id='word_1_32' title='bbox 1092 783 1226 826; x_wconf 90' lang='grc'>11011</span> <span class='ocrx_word' id='word_1_33' title='bbox 1269 763 1466 825; x_wconf 86' lang='lat' dir='ltr'><strong>timor</strong></span> <span class='ocrx_word' id='word_1_34' title='bbox 1509 762 1667 825; x_wconf 82' lang='lat' dir='ltr'><strong>vicit</strong></span> <span class='ocrx_word' id='word_1_35' title='bbox 1712 761 1930 844; x_wconf 87' lang='lat' dir='ltr'><strong>fidem,</strong></span> 
     </span>
    </p>

    <p class='ocr_par' dir='ltr' id='par_1_4' title="bbox 360 851 2013 934">
     <span class='ocr_line' id='line_1_7' title="bbox 360 851 2013 934; baseline -0.001 -19"><span class='ocrx_word' id='word_1_36' title='bbox 360 851 471 929; x_wconf 82' lang='lat' dir='ltr'><strong>sed</strong></span> <span class='ocrx_word' id='word_1_37' title='bbox 518 851 767 934; x_wconf 84' lang='lat' dir='ltr'><strong>trepida</strong></span> <span class='ocrx_word' id='word_1_38' title='bbox 812 851 1042 934; x_wconf 86' lang='lat' dir='ltr'><strong>pietas:</strong></span> <span class='ocrx_word' id='word_1_39' title='bbox 1091 852 1332 934; x_wconf 92' lang='lat' dir='ltr'><strong>quippe</strong></span> <span class='ocrx_word' id='word_1_40' title='bbox 1379 855 1749 932; x_wconf 74' lang='lat' dir='ltr'><strong>sequeretur</strong></span> <span class='ocrx_word' id='word_1_41' title='bbox 1792 873 2013 915; x_wconf 90' lang='lat' dir='ltr'><strong>necem</strong></span> 
     </span>
    </p>

    <p class='ocr_par' dir='ltr' id='par_1_5' title="bbox 358 940 2386 1201">
     <span class='ocr_line' id='line_1_8' title="bbox 359 940 2375 1024; baseline 0.002 -22"><span class='ocrx_word' id='word_1_42' title='bbox 359 941 573 1024; x_wconf 89' lang='lat' dir='ltr'><strong>proles</strong></span> <span class='ocrx_word' id='word_1_43' title='bbox 621 944 976 1022; x_wconf 87' lang='lat' dir='ltr'><strong>parentum.</strong></span> <span class='ocrx_word' id='word_1_44' title='bbox 1069 944 1288 1005; x_wconf 85' lang='lat' dir='ltr'><strong>sancta</strong></span> <span class='ocrx_word' id='word_1_45' title='bbox 1335 941 1391 1003; x_wconf 91' lang='lat' dir='ltr'><strong>si</strong></span> <span class='ocrx_word' id='word_1_46' title='bbox 1437 941 1684 1003; x_wconf 85' lang='lat' dir='ltr'><strong>caelum</strong></span> <span class='ocrx_word' id='word_1_47' title='bbox 1732 940 1960 1004; x_wconf 89' lang='lat' dir='ltr'><strong>incolis</strong></span> <span class='ocrx_word' id='word_1_48' title='bbox 2360 1002 2375 1013; x_wconf 62' lang='grc'><strong>,.</strong></span> 
     </span>
     <span class='ocr_line' id='line_1_9' title="bbox 358 1028 2386 1111; baseline 0 -19"><span class='ocrx_word' id='word_1_49' title='bbox 358 1028 641 1111; x_wconf 81' lang='lat' dir='ltr'><strong>Iustitia,</strong></span> <span class='ocrx_word' id='word_1_50' title='bbox 686 1051 926 1092; x_wconf 89' lang='lat' dir='ltr'><strong>numen</strong></span> <span class='ocrx_word' id='word_1_51' title='bbox 971 1029 1201 1092; x_wconf 83' lang='lat' dir='ltr'><strong>invoco</strong></span> <span class='ocrx_word' id='word_1_52' title='bbox 1249 1049 1324 1092; x_wconf 93' lang='lat' dir='ltr'><strong>ac</strong></span> <span class='ocrx_word' id='word_1_53' title='bbox 1370 1032 1572 1102; x_wconf 84' lang='lat' dir='ltr'><strong>testor</strong></span> <span class='ocrx_word' id='word_1_54' title='bbox 1616 1033 1826 1092; x_wconf 87' lang='lat' dir='ltr'><strong>tuum:</strong></span> <span class='ocrx_word' id='word_1_55' title='bbox 2280 1045 2386 1094; x_wconf 88' lang='grc'>440</span> 
     </span>
     <span class='ocr_line' id='line_1_10' title="bbox 359 1118 1891 1201; baseline -0.001 -20"><span class='ocrx_word' id='word_1_56' title='bbox 359 1119 495 1181; x_wconf 87' lang='lat' dir='ltr'><strong>nati</strong></span> <span class='ocrx_word' id='word_1_57' title='bbox 541 1122 786 1200; x_wconf 83' lang='lat' dir='ltr'><strong>patrem</strong></span> <span class='ocrx_word' id='word_1_58' title='bbox 834 1118 1056 1181; x_wconf 84' lang='lat' dir='ltr'><strong>vicere.</strong></span> <span class='ocrx_word' id='word_1_59' title='bbox 1152 1119 1308 1199; x_wconf 91' lang='lat' dir='ltr'><strong>quin</strong></span> <span class='ocrx_word' id='word_1_60' title='bbox 1354 1118 1560 1200; x_wconf 86' lang='lat' dir='ltr'><strong>ipsam</strong></span> <span class='ocrx_word' id='word_1_61' title='bbox 1610 1140 1891 1201; x_wconf 84' lang='lat' dir='ltr'><strong>quoque,</strong></span> 
     </span>
    </p>

    <p class='ocr_par' dir='ltr' id='par_1_6' title="bbox 361 1207 1760 1290">
     <span class='ocr_line' id='line_1_11' title="bbox 361 1207 1760 1290; baseline -0.001 -20"><span class='ocrx_word' id='word_1_62' title='bbox 361 1208 482 1271; x_wconf 85' lang='lat' dir='ltr'><strong>etsi</strong></span> <span class='ocrx_word' id='word_1_63' title='bbox 527 1207 710 1270; x_wconf 87' lang='lat' dir='ltr'><strong>ferox</strong></span> <span class='ocrx_word' id='word_1_64' title='bbox 757 1211 853 1270; x_wconf 84' lang='lat' dir='ltr'><strong>est</strong></span> <span class='ocrx_word' id='word_1_65' title='bbox 900 1207 1088 1271; x_wconf 84' lang='lat' dir='ltr'><strong>corde</strong></span> <span class='ocrx_word' id='word_1_66' title='bbox 1135 1228 1253 1270; x_wconf 92' lang='lat' dir='ltr'><strong>nec</strong></span> <span class='ocrx_word' id='word_1_67' title='bbox 1298 1207 1549 1290; x_wconf 85' lang='lat' dir='ltr'><strong>patiens</strong></span> <span class='ocrx_word' id='word_1_68' title='bbox 1596 1207 1760 1290; x_wconf 84' lang='lat' dir='ltr'><strong>iugi,</strong></span> 
     </span>
    </p>

    <p class='ocr_par' dir='ltr' id='par_1_7' title="bbox 362 1295 1941 1377">
     <span class='ocr_line' id='line_1_12' title="bbox 362 1295 1941 1377; baseline -0.002 -16"><span class='ocrx_word' id='word_1_69' title='bbox 362 1298 693 1363; x_wconf 87' lang='lat' dir='ltr'><strong>consulere</strong></span> <span class='ocrx_word' id='word_1_70' title='bbox 739 1295 909 1359; x_wconf 85' lang='lat' dir='ltr'><strong>natis</strong></span> <span class='ocrx_word' id='word_1_71' title='bbox 955 1295 1146 1369; x_wconf 85' lang='lat' dir='ltr'><strong>malle</strong></span> <span class='ocrx_word' id='word_1_72' title='bbox 1196 1317 1389 1377; x_wconf 91' lang='lat' dir='ltr'><strong>quam</strong></span> <span class='ocrx_word' id='word_1_73' title='bbox 1435 1295 1736 1359; x_wconf 82' lang='lat' dir='ltr'><strong>thalamis</strong></span> <span class='ocrx_word' id='word_1_74' title='bbox 1781 1317 1941 1361; x_wconf 88' lang='lat' dir='ltr'><strong>reor.</strong></span> 
     </span>
    </p>

    <p class='ocr_par' dir='ltr' id='par_1_8' title="bbox 360 1384 1939 1470">
     <span class='ocr_line' id='line_1_13' title="bbox 360 1384 1939 1470; baseline -0.002 -21"><span class='ocrx_word' id='word_1_75' title='bbox 360 1385 698 1449; x_wconf 88' lang='lat' dir='ltr'><strong>constituit</strong></span> <span class='ocrx_word' id='word_1_76' title='bbox 744 1385 994 1448; x_wconf 91' lang='lat' dir='ltr'><strong>animus</strong></span> <span class='ocrx_word' id='word_1_77' title='bbox 1040 1384 1337 1466; x_wconf 88' lang='lat' dir='ltr'><strong>precibus</strong></span> <span class='ocrx_word' id='word_1_78' title='bbox 1383 1384 1613 1447; x_wconf 86' lang='lat' dir='ltr'><strong>iratam</strong></span> <span class='ocrx_word' id='word_1_79' title='bbox 1659 1384 1939 1470; x_wconf 82' lang='lat' dir='ltr'><strong>aggredi.</strong></span> 
     </span>
    </p>

    <p class='ocr_par' dir='ltr' id='par_1_9' title="bbox 359 1472 2386 1646">
     <span class='ocr_line' id='line_1_14' title="bbox 361 1472 2386 1557; baseline 0 -19"><span class='ocrx_word' id='word_1_80' title='bbox 361 1478 555 1557; x_wconf 90' lang='lat' dir='ltr'><strong>atque</strong></span> <span class='ocrx_word' id='word_1_81' title='bbox 603 1493 774 1556; x_wconf 88' lang='lat' dir='ltr'><strong>ecce,</strong></span> <span class='ocrx_word' id='word_1_82' title='bbox 821 1473 959 1537; x_wconf 84' lang='lat' dir='ltr'><strong>viso</strong></span> <span class='ocrx_word' id='word_1_83' title='bbox 1008 1477 1244 1536; x_wconf 87' lang='lat' dir='ltr'><strong>memet</strong></span> <span class='ocrx_word' id='word_1_84' title='bbox 1291 1473 1544 1554; x_wconf 85' lang='lat' dir='ltr'><strong>exiluit,</strong></span> <span class='ocrx_word' id='word_1_85' title='bbox 1587 1472 1772 1555; x_wconf 82' lang='lat' dir='ltr'><strong>furit,</strong></span> <span class='ocrx_word' id='word_1_86' title='bbox 2160 1537 2163 1540; x_wconf 77' lang='grc'>,</span> <span class='ocrx_word' id='word_1_87' title='bbox 2281 1489 2386 1538; x_wconf 84' lang='grc'><strong>445</strong></span> 
     </span>
     <span class='ocr_line' id='line_1_15' title="bbox 359 1562 1971 1673; baseline -0.001 -46"><span class='ocrx_word' id='word_1_88' title='bbox 359 1563 486 1627; x_wconf 87' lang='lat' dir='ltr'><strong>fert</strong></span> <span class='ocrx_word' id='word_1_89' title='bbox 532 1563 679 1626; x_wconf 89' lang='lat' dir='ltr'><strong>odia</strong></span> <span class='ocrx_word' id='word_1_90' title='bbox 722 1582 887 1646; x_wconf 88' lang='lat' dir='ltr'><strong>prae</strong></span> <span class='ocrx_word' id='word_1_91' title='bbox 921 1584 1013 1626; x_wconf 90' lang='lat' dir='ltr'><strong>se:</strong></span> <span class='ocrx_word' id='word_1_92' title='bbox 1060 1565 1236 1673; x_wconf 87' lang='lat' dir='ltr'><strong>totus</strong></span> <span class='ocrx_word' id='word_1_93' title='bbox 1283 1562 1353 1625; x_wconf 94' lang='lat' dir='ltr'><strong>in</strong></span> <span class='ocrx_word' id='word_1_94' title='bbox 1397 1562 1581 1625; x_wconf 84' lang='lat' dir='ltr'><strong>vultu</strong></span> <span class='ocrx_word' id='word_1_95' title='bbox 1630 1566 1726 1626; x_wconf 86' lang='lat' dir='ltr'><strong>est</strong></span> <span class='ocrx_word' id='word_1_96' title='bbox 1772 1562 1971 1625; x_wconf 89' lang='lat' dir='ltr'><strong>dolor.</strong></span> 
     </span>
    </p>
   </div>
   <div class='ocr_carea' id='block_1_3' title="bbox 361 1738 2388 2893">
    <p class='ocr_par' dir='ltr' id='par_1_10' title="bbox 361 1738 2386 1914">
     <span class='ocr_line' id='line_1_16' title="bbox 367 1738 2386 1826; baseline 0.001 -23"><span class='ocrx_word' id='word_1_97' title='bbox 367 1800 375 1812; x_wconf 73' lang='grc'><strong>.,</strong></span> <span class='ocrx_word' id='word_1_98' title='bbox 497 1758 664 1804; x_wconf 83' lang='grc' dir='ltr'>ΜΕΙ).</span> <span class='ocrx_word' id='word_1_99' title='bbox 693 1739 1025 1824; x_wconf 83' lang='lat' dir='ltr'><strong>Fugimus‚</strong></span> <span class='ocrx_word' id='word_1_100' title='bbox 1052 1738 1269 1803; x_wconf 87' lang='lat' dir='ltr'><strong>Iason:</strong></span> <span class='ocrx_word' id='word_1_101' title='bbox 1297 1739 1585 1825; x_wconf 84' lang='lat' dir='ltr'><strong>fugimus</strong></span> <span class='ocrx_word' id='word_1_102' title='bbox 1606 1777 1688 1784; x_wconf 88' lang='lat'>—</span> <span class='ocrx_word' id='word_1_103' title='bbox 1709 1740 1833 1803; x_wconf 92' lang='lat' dir='ltr'><strong>hoc</strong></span> <span class='ocrx_word' id='word_1_104' title='bbox 1859 1761 1991 1804; x_wconf 91' lang='lat' dir='ltr'><strong>non</strong></span> <span class='ocrx_word' id='word_1_105' title='bbox 2009 1744 2107 1804; x_wconf 90' lang='lat' dir='ltr'><strong>est</strong></span> <span class='ocrx_word' id='word_1_106' title='bbox 2125 1762 2386 1826; x_wconf 83' lang='lat' dir='ltr'><strong>novum,</strong></span> 
     </span>
     <span class='ocr_line' id='line_1_17' title="bbox 361 1828 1819 1914; baseline -0.002 -20"><span class='ocrx_word' id='word_1_107' title='bbox 361 1834 610 1894; x_wconf 85' lang='lat' dir='ltr'><strong>mutare</strong></span> <span class='ocrx_word' id='word_1_108' title='bbox 658 1828 862 1914; x_wconf 82' lang='lat' dir='ltr'><strong>sedes3</strong></span> <span class='ocrx_word' id='word_1_109' title='bbox 912 1851 1102 1894; x_wconf 87' lang='lat' dir='ltr'><strong>causa</strong></span> <span class='ocrx_word' id='word_1_110' title='bbox 1146 1828 1439 1914; x_wconf 83' lang='lat' dir='ltr'><strong>fugiendi</strong></span> <span class='ocrx_word' id='word_1_111' title='bbox 1483 1850 1652 1893; x_wconf 82' lang='lat' dir='ltr'><strong>nova</strong></span> <span class='ocrx_word' id='word_1_112' title='bbox 1697 1832 1819 1892; x_wconf 88' lang='lat' dir='ltr'><strong>est:</strong></span> 
     </span>
    </p>

    <p class='ocr_par' dir='ltr' id='par_1_11' title="bbox 362 1916 2387 2270">
     <span class='ocr_line' id='line_1_18' title="bbox 363 1916 2377 2004; baseline -0.002 -21"><span class='ocrx_word' id='word_1_113' title='bbox 363 1942 479 2004; x_wconf 91' lang='lat' dir='ltr'><strong>pro</strong></span> <span class='ocrx_word' id='word_1_114' title='bbox 526 1923 590 1983; x_wconf 84' lang='lat' dir='ltr'><strong>te</strong></span> <span class='ocrx_word' id='word_1_115' title='bbox 639 1919 923 1982; x_wconf 81' lang='lat' dir='ltr'><strong>solebam</strong></span> <span class='ocrx_word' id='word_1_116' title='bbox 970 1919 1209 2003; x_wconf 81' lang='lat' dir='ltr'><strong>fugere.</strong></span> <span class='ocrx_word' id='word_1_117' title='bbox 1303 1916 1558 1981; x_wconf 82' lang='lat' dir='ltr'><strong>discedo</strong></span> <span class='ocrx_word' id='word_1_118' title='bbox 1607 1939 1791 2000; x_wconf 84' lang='lat' dir='ltr'><strong>exeo,</strong></span> <span class='ocrx_word' id='word_1_119' title='bbox 2372 1981 2377 1986; x_wconf 77' lang='grc'><em>,</em></span> 
     </span>
     <span class='ocr_line' id='line_1_19' title="bbox 362 2007 2387 2093; baseline -0 -21"><span class='ocrx_word' id='word_1_120' title='bbox 362 2009 705 2093; x_wconf 86' lang='lat' dir='ltr'><strong>penatibus</strong></span> <span class='ocrx_word' id='word_1_121' title='bbox 753 2008 1096 2093; x_wconf 81' lang='lat' dir='ltr'><strong>profugere</strong></span> <span class='ocrx_word' id='word_1_122' title='bbox 1143 2029 1336 2090; x_wconf 82' lang='lat' dir='ltr'><strong>quam</strong></span> <span class='ocrx_word' id='word_1_123' title='bbox 1385 2007 1562 2092; x_wconf 81' lang='lat' dir='ltr'><strong>cogis</strong></span> <span class='ocrx_word' id='word_1_124' title='bbox 1609 2007 1764 2070; x_wconf 86' lang='lat' dir='ltr'><strong>tuis:</strong></span> <span class='ocrx_word' id='word_1_125' title='bbox 2281 2022 2387 2072; x_wconf 87' lang='lat'><strong>450</strong></span> 
     </span>
     <span class='ocr_line' id='line_1_20' title="bbox 363 2094 1949 2180; baseline -0.002 -20"><span class='ocrx_word' id='word_1_126' title='bbox 363 2102 430 2161; x_wconf 86' lang='lat' dir='ltr'><strong>at</strong></span> <span class='ocrx_word' id='word_1_127' title='bbox 477 2119 604 2180; x_wconf 93' lang='lat' dir='ltr'><strong>quo</strong></span> <span class='ocrx_word' id='word_1_128' title='bbox 650 2098 970 2161; x_wconf 75' lang='lat' dir='ltr'><strong>remittis?</strong></span> <span class='ocrx_word' id='word_1_129' title='bbox 1016 2096 1257 2159; x_wconf 86' lang='lat' dir='ltr'><strong>Phasin</strong></span> <span class='ocrx_word' id='word_1_130' title='bbox 1304 2100 1369 2159; x_wconf 86' lang='lat' dir='ltr'><strong>et</strong></span> <span class='ocrx_word' id='word_1_131' title='bbox 1415 2094 1689 2160; x_wconf 88' lang='lat' dir='ltr'><strong>Colchos</strong></span> <span class='ocrx_word' id='word_1_132' title='bbox 1736 2099 1949 2177; x_wconf 86' lang='lat' dir='ltr'><strong>petam</strong></span> 
     </span>
     <span class='ocr_line' id='line_1_21' title="bbox 363 2185 2021 2270; baseline -0.002 -21"><span class='ocrx_word' id='word_1_133' title='bbox 363 2187 771 2269; x_wconf 88' lang='lat' dir='ltr'><strong>patriumque</strong></span> <span class='ocrx_word' id='word_1_134' title='bbox 815 2207 1085 2270; x_wconf 85' lang='lat' dir='ltr'><strong>regnum</strong></span> <span class='ocrx_word' id='word_1_135' title='bbox 1134 2206 1424 2267; x_wconf 82' lang='lat' dir='ltr'><strong>quaeque</strong></span> <span class='ocrx_word' id='word_1_136' title='bbox 1467 2185 1785 2248; x_wconf 82' lang='lat' dir='ltr'><strong>fraternus</strong></span> <span class='ocrx_word' id='word_1_137' title='bbox 1834 2204 2021 2248; x_wconf 89' lang='lat' dir='ltr'><strong>cruor</strong></span> 
     </span>
    </p>

    <p class='ocr_par' dir='ltr' id='par_1_12' title="bbox 362 2272 1787 2358">
     <span class='ocr_line' id='line_1_22' title="bbox 362 2272 1787 2358; baseline -0.001 -21"><span class='ocrx_word' id='word_1_138' title='bbox 362 2274 646 2358; x_wconf 80' lang='lat' dir='ltr'><strong>perfudit</strong></span> <span class='ocrx_word' id='word_1_139' title='bbox 692 2274 882 2337; x_wconf 85' lang='lat' dir='ltr'><strong>arva?</strong></span> <span class='ocrx_word' id='word_1_140' title='bbox 932 2296 1088 2358; x_wconf 89' lang='lat' dir='ltr'><strong>quas</strong></span> <span class='ocrx_word' id='word_1_141' title='bbox 1134 2274 1270 2356; x_wconf 86' lang='lat' dir='ltr'><strong>peti</strong></span> <span class='ocrx_word' id='word_1_142' title='bbox 1316 2277 1515 2336; x_wconf 87' lang='lat' dir='ltr'><strong>terras</strong></span> <span class='ocrx_word' id='word_1_143' title='bbox 1563 2272 1787 2336; x_wconf 85' lang='lat' dir='ltr'><strong>iubes?</strong></span> 
     </span>
    </p>

    <p class='ocr_par' dir='ltr' id='par_1_13' title="bbox 365 2361 1939 2446">
     <span class='ocr_line' id='line_1_23' title="bbox 365 2361 1939 2446; baseline -0.002 -20"><span class='ocrx_word' id='word_1_144' title='bbox 365 2386 528 2446; x_wconf 84' lang='lat' dir='ltr'><strong>quae</strong></span> <span class='ocrx_word' id='word_1_145' title='bbox 573 2364 776 2426; x_wconf 88' lang='lat' dir='ltr'><strong>maria</strong></span> <span class='ocrx_word' id='word_1_146' title='bbox 821 2362 1182 2426; x_wconf 81' lang='lat' dir='ltr'><strong>monstras?</strong></span> <span class='ocrx_word' id='word_1_147' title='bbox 1230 2361 1485 2425; x_wconf 79' lang='lat' dir='ltr'><strong>Pontici</strong></span> <span class='ocrx_word' id='word_1_148' title='bbox 1529 2362 1744 2425; x_wconf 80' lang='lat' dir='ltr'><strong>fauces</strong></span> <span class='ocrx_word' id='word_1_149' title='bbox 1790 2361 1939 2425; x_wconf 77' lang='lat' dir='ltr'><strong>freti</strong></span> 
     </span>
    </p>

    <p class='ocr_par' dir='ltr' id='par_1_14' title="bbox 364 2451 2388 2624">
     <span class='ocr_line' id='line_1_24' title="bbox 364 2451 2388 2537; baseline 0 -22"><span class='ocrx_word' id='word_1_150' title='bbox 364 2474 478 2537; x_wconf 91' lang='lat' dir='ltr'><strong>per</strong></span> <span class='ocrx_word' id='word_1_151' title='bbox 525 2473 683 2534; x_wconf 85' lang='lat' dir='ltr'><strong>quas</strong></span> <span class='ocrx_word' id='word_1_152' title='bbox 728 2452 945 2515; x_wconf 86' lang='lat' dir='ltr'><strong>revexi</strong></span> <span class='ocrx_word' id='word_1_153' title='bbox 988 2451 1272 2515; x_wconf 90' lang='lat' dir='ltr'><strong>nobilem</strong></span> <span class='ocrx_word' id='word_1_154' title='bbox 1318 2472 1545 2536; x_wconf 86' lang='lat' dir='ltr'><strong>regum</strong></span> <span class='ocrx_word' id='word_1_155' title='bbox 1592 2473 1853 2514; x_wconf 89' lang='lat' dir='ltr'><strong>manum</strong></span> <span class='ocrx_word' id='word_1_156' title='bbox 2284 2467 2388 2515; x_wconf 83' lang='lat'><strong>455</strong></span> 
     </span>
     <span class='ocr_line' id='line_1_25' title="bbox 365 2538 1701 2624; baseline -0.002 -19"><span class='ocrx_word' id='word_1_157' title='bbox 365 2541 729 2606; x_wconf 86' lang='lat' dir='ltr'><strong>adulterum</strong></span> <span class='ocrx_word' id='word_1_158' title='bbox 772 2545 989 2605; x_wconf 87' lang='lat' dir='ltr'><strong>secuta</strong></span> <span class='ocrx_word' id='word_1_159' title='bbox 1032 2562 1148 2623; x_wconf 90' lang='lat' dir='ltr'><strong>per</strong></span> <span class='ocrx_word' id='word_1_160' title='bbox 1194 2538 1701 2624; x_wconf 83' lang='lat' dir='ltr'><strong>Symplegadas?</strong></span> 
     </span>
    </p>

    <p class='ocr_par' dir='ltr' id='par_1_15' title="bbox 365 2627 2075 2803">
     <span class='ocr_line' id='line_1_26' title="bbox 365 2627 2075 2714; baseline -0.001 -20"><span class='ocrx_word' id='word_1_161' title='bbox 365 2652 710 2714; x_wconf 83' lang='lat' dir='ltr'><strong>parvamne</strong></span> <span class='ocrx_word' id='word_1_162' title='bbox 757 2627 1007 2712; x_wconf 85' lang='lat' dir='ltr'><strong>Iolcon,</strong></span> <span class='ocrx_word' id='word_1_163' title='bbox 1052 2629 1359 2693; x_wconf 87' lang='lat' dir='ltr'><strong>Thessala</strong></span> <span class='ocrx_word' id='word_1_164' title='bbox 1404 2651 1486 2692; x_wconf 90' lang='lat' dir='ltr'><strong>an</strong></span> <span class='ocrx_word' id='word_1_165' title='bbox 1532 2627 1771 2712; x_wconf 85' lang='lat' dir='ltr'><strong>Tempe</strong></span> <span class='ocrx_word' id='word_1_166' title='bbox 1818 2629 2075 2711; x_wconf 87' lang='lat' dir='ltr'><strong>petam?</strong></span> 
     </span>
     <span class='ocr_line' id='line_1_27' title="bbox 367 2717 2020 2803; baseline -0.002 -20"><span class='ocrx_word' id='word_1_167' title='bbox 367 2741 802 2803; x_wconf 88' lang='lat' dir='ltr'><strong>quascumque</strong></span> <span class='ocrx_word' id='word_1_168' title='bbox 850 2719 1069 2801; x_wconf 92' lang='lat' dir='ltr'><strong>aperui</strong></span> <span class='ocrx_word' id='word_1_169' title='bbox 1115 2719 1237 2783; x_wconf 90' lang='lat' dir='ltr'><strong>tibi</strong></span> <span class='ocrx_word' id='word_1_170' title='bbox 1282 2718 1420 2781; x_wconf 87' lang='lat' dir='ltr'><strong>vias</strong></span> <span class='ocrx_word' id='word_1_171' title='bbox 1429 2768 1446 2801; x_wconf 84' lang='lat'><em>‚</em></span> <span class='ocrx_word' id='word_1_172' title='bbox 1494 2718 1695 2782; x_wconf 88' lang='lat' dir='ltr'><strong>clausi</strong></span> <span class='ocrx_word' id='word_1_173' title='bbox 1739 2717 1901 2780; x_wconf 87' lang='lat' dir='ltr'><strong>mihi</strong></span> <span class='ocrx_word' id='word_1_174' title='bbox 1945 2753 2020 2763; x_wconf 89' lang='lat'><strong>—-</strong></span> 
     </span>
    </p>

    <p class='ocr_par' dir='ltr' id='par_1_16' title="bbox 368 2807 1864 2893">
     <span class='ocr_line' id='line_1_28' title="bbox 368 2807 1864 2893; baseline -0.002 -21"><span class='ocrx_word' id='word_1_175' title='bbox 368 2831 496 2893; x_wconf 89' lang='lat' dir='ltr'><strong>quo</strong></span> <span class='ocrx_word' id='word_1_176' title='bbox 543 2831 646 2872; x_wconf 91' lang='lat' dir='ltr'><strong>me</strong></span> <span class='ocrx_word' id='word_1_177' title='bbox 690 2808 1008 2872; x_wconf 81' lang='lat' dir='ltr'><strong>remittis?</strong></span> <span class='ocrx_word' id='word_1_178' title='bbox 1057 2808 1230 2872; x_wconf 82' lang='lat' dir='ltr'><strong>exuli</strong></span> <span class='ocrx_word' id='word_1_179' title='bbox 1278 2808 1543 2871; x_wconf 77' lang='lat' dir='ltr'><strong>exilium</strong></span> <span class='ocrx_word' id='word_1_180' title='bbox 1589 2807 1864 2889; x_wconf 87' lang='lat' dir='ltr'><strong>imperas</strong></span> 
     </span>
    </p>
   </div>
   <div class='ocr_carea' id='block_1_4' title="bbox 359 2980 2397 3549">
    <p class='ocr_par' dir='ltr' id='par_1_17' title="bbox 359 2980 2397 3549">
     <span class='ocr_line' id='line_1_29' title="bbox 510 2980 2393 3052; baseline -0.002 -15"><span class='ocrx_word' id='word_1_181' title='bbox 510 2989 613 3038; x_wconf 90' lang='grc'><strong>433</strong></span> <span class='ocrx_word' id='word_1_182' title='bbox 651 2982 859 3037; x_wconf 83' lang='lat' dir='ltr'><strong>totiens</strong></span> <span class='ocrx_word' id='word_1_183' title='bbox 892 2988 938 3035; x_wconf 97' lang='lat' dir='ltr'>A</span> <span class='ocrx_word' id='word_1_184' title='bbox 965 2986 983 3052; x_wconf 85' lang='grc' dir='ltr'><strong>ΙΙ</strong></span> <span class='ocrx_word' id='word_1_185' title='bbox 1009 2987 1115 3035; x_wconf 88' lang='grc'><strong>434</strong></span> <span class='ocrx_word' id='word_1_186' title='bbox 1151 2982 1332 3036; x_wconf 85' lang='lat' dir='ltr'><strong>vicem</strong></span> <span class='ocrx_word' id='word_1_187' title='bbox 1372 2981 1607 3037; x_wconf 79' lang='lat' dir='ltr'><strong>Gronov.</strong></span> <span class='ocrx_word' id='word_1_188' title='bbox 1638 2983 1657 3051; x_wconf 89' lang='grc' dir='ltr'><strong>ΙΙ</strong></span> <span class='ocrx_word' id='word_1_189' title='bbox 1683 2986 1789 3034; x_wconf 85' lang='grc'>436</span> <span class='ocrx_word' id='word_1_190' title='bbox 1826 2980 2005 3035; x_wconf 84' lang='grc'>11011111</span> <span class='ocrx_word' id='word_1_191' title='bbox 2038 2986 2084 3033; x_wconf 97' lang='lat' dir='ltr'>A</span> <span class='ocrx_word' id='word_1_192' title='bbox 2110 2982 2129 3049; x_wconf 86' lang='grc' dir='ltr'><strong>ΙΙ</strong></span> <span class='ocrx_word' id='word_1_193' title='bbox 2156 2985 2259 3033; x_wconf 86' lang='grc'><strong>437</strong></span> <span class='ocrx_word' id='word_1_194' title='bbox 2300 2997 2393 3034; x_wconf 86' lang='lat' dir='ltr'><strong>ca-</strong></span> 
     </span>
     <span class='ocr_line' id='line_1_30' title="bbox 366 3053 2394 3123; baseline -0.001 -13"><span class='ocrx_word' id='word_1_195' title='bbox 366 3056 602 3110; x_wconf 84' lang='lat' dir='ltr'><strong>rendum</strong></span> <span class='ocrx_word' id='word_1_196' title='bbox 649 3058 735 3109; x_wconf 84' lang='lat' dir='ltr'><strong>est</strong></span> <span class='ocrx_word' id='word_1_197' title='bbox 769 3059 816 3107; x_wconf 85' lang='lat' dir='ltr'>A</span> <span class='ocrx_word' id='word_1_198' title='bbox 865 3057 873 3123; x_wconf 74' lang='grc' dir='ltr'>Ι</span> <span class='ocrx_word' id='word_1_199' title='bbox 921 3053 1101 3107; x_wconf 82' lang='lat' dir='ltr'><strong>uincit</strong></span> <span class='ocrx_word' id='word_1_200' title='bbox 1145 3053 1329 3106; x_wconf 85' lang='lat' dir='ltr'><strong>uirum</strong></span> <span class='ocrx_word' id='word_1_201' title='bbox 1366 3057 1412 3104; x_wconf 96' lang='lat' dir='ltr'>A</span> <span class='ocrx_word' id='word_1_202' title='bbox 1465 3055 1485 3122; x_wconf 75' lang='lat' dir='ltr'>ss</span> <span class='ocrx_word' id='word_1_203' title='bbox 1537 3058 1641 3105; x_wconf 81' lang='grc'>438</span> <span class='ocrx_word' id='word_1_204' title='bbox 1684 3069 1820 3106; x_wconf 87' lang='lat' dir='ltr'><strong>nece</strong></span> <span class='ocrx_word' id='word_1_205' title='bbox 1858 3058 1924 3116; x_wconf 84' lang='lat' dir='ltr'><strong>E,</strong></span> <span class='ocrx_word' id='word_1_206' title='bbox 1973 3053 2066 3106; x_wconf 82' lang='lat' dir='ltr'><strong>sed</strong></span> <span class='ocrx_word' id='word_1_207' title='bbox 2109 3054 2394 3107; x_wconf 77' lang='lat' dir='ltr'><strong>evanuisse</strong></span> 
     </span>
     <span class='ocr_line' id='line_1_31' title="bbox 365 3094 2392 3193; baseline -0.002 -11"><span class='ocrx_word' id='word_1_208' title='bbox 365 3128 584 3182; x_wconf 75' lang='lat' dir='ltr'><strong>videtur</strong></span> <span class='ocrx_word' id='word_1_209' title='bbox 628 3128 830 3182; x_wconf 86' lang='lat' dir='ltr'><strong>lineola</strong></span> <span class='ocrx_word' id='word_1_210' title='bbox 873 3142 1037 3193; x_wconf 79' lang='lat' dir='ltr'><strong>snper</strong></span> <span class='ocrx_word' id='word_1_211' title='bbox 1074 3141 1103 3177; x_wconf 92' lang='lat' dir='ltr'><strong>e</strong></span> <span class='ocrx_word' id='word_1_212' title='bbox 1151 3123 1296 3193; x_wconf 89' lang='lat' dir='ltr'><strong>(neci</strong></span> <span class='ocrx_word' id='word_1_213' title='bbox 1342 3125 1405 3177; x_wconf 85' lang='lat' dir='ltr'><strong>in</strong></span> <span class='ocrx_word' id='word_1_214' title='bbox 1445 3130 1488 3176; x_wconf 83' lang='lat' dir='ltr'>E</span> <span class='ocrx_word' id='word_1_215' title='bbox 1535 3131 1585 3177; x_wconf 81' lang='lat' dir='ltr'><strong>et</strong></span> <span class='ocrx_word' id='word_1_216' title='bbox 1624 3125 1844 3180; x_wconf 73' lang='lat' dir='ltr'><strong>Gronov</strong></span> <span class='ocrx_word' id='word_1_217' title='bbox 1888 3094 1939 3177; x_wconf 64' lang='lat' dir='ltr'><strong>e’t</strong></span> <span class='ocrx_word' id='word_1_218' title='bbox 1975 3124 2214 3179; x_wconf 79' lang='lat' dir='ltr'><strong>Ribbeck</strong></span> <span class='ocrx_word' id='word_1_219' title='bbox 2259 3124 2392 3193; x_wconf 73' lang='lat' dir='ltr'><strong>leye-</strong></span> 
     </span>
     <span class='ocr_line' id='line_1_32' title="bbox 366 3187 2395 3268; baseline -0.002 -16"><span class='ocrx_word' id='word_1_220' title='bbox 366 3200 518 3267; x_wconf 80' lang='lat' dir='ltr'><strong>runt)</strong></span> <span class='ocrx_word' id='word_1_221' title='bbox 547 3202 565 3268; x_wconf 77' lang='lat' dir='ltr'>ss</span> <span class='ocrx_word' id='word_1_222' title='bbox 592 3203 698 3251; x_wconf 85' lang='grc'><strong>439</strong></span> <span class='ocrx_word' id='word_1_223' title='bbox 735 3214 766 3250; x_wconf 94' lang='grc'>0</span> <span class='ocrx_word' id='word_1_224' title='bbox 806 3199 1001 3250; x_wconf 87' lang='lat' dir='ltr'><strong>sancta</strong></span> <span class='ocrx_word' id='word_1_225' title='bbox 1038 3214 1081 3249; x_wconf 83' lang='grc' dir='ltr'><em>α</em></span> <span class='ocrx_word' id='word_1_226' title='bbox 1120 3198 1315 3249; x_wconf 81' lang='lat' dir='ltr'><strong>sancta</strong></span> <span class='ocrx_word' id='word_1_227' title='bbox 1352 3213 1408 3249; x_wconf 87' lang='grc' dir='ltr'><em>ω</em></span> <span class='ocrx_word' id='word_1_228' title='bbox 1437 3197 1454 3264; x_wconf 87' lang='grc' dir='ltr'><strong>ΙΙ</strong></span> <span class='ocrx_word' id='word_1_229' title='bbox 1490 3187 1592 3247; x_wconf 84' lang='grc'><strong>447</strong></span> <span class='ocrx_word' id='word_1_230' title='bbox 1632 3195 1702 3260; x_wconf 81' lang='lat' dir='ltr'><strong>ef.</strong></span> <span class='ocrx_word' id='word_1_231' title='bbox 1733 3195 1846 3249; x_wconf 88' lang='lat' dir='ltr'><strong>Leo</strong></span> <span class='ocrx_word' id='word_1_232' title='bbox 1882 3196 1960 3248; x_wconf 92' lang='lat' dir='ltr'><strong>II</strong></span> <span class='ocrx_word' id='word_1_233' title='bbox 1980 3198 2091 3248; x_wconf 86' lang='lat'><strong>379</strong></span> <span class='ocrx_word' id='word_1_234' title='bbox 2127 3196 2145 3262; x_wconf 82' lang='grc'><strong>11</strong></span> <span class='ocrx_word' id='word_1_235' title='bbox 2183 3199 2280 3247; x_wconf 91' lang='grc'><strong>451</strong></span> <span class='ocrx_word' id='word_1_236' title='bbox 2319 3195 2395 3248; x_wconf 85' lang='lat' dir='ltr'><strong>ad</strong></span> 
     </span>
     <span class='ocr_line' id='line_1_33' title="bbox 360 3265 2396 3336; baseline -0.001 -13.992"><span class='ocrx_word' id='word_1_237' title='bbox 360 3286 508 3336; x_wconf 88' lang='lat' dir='ltr'><strong>quos</strong></span> <span class='ocrx_word' id='word_1_238' title='bbox 546 3287 606 3324; x_wconf 86' lang='grc' dir='ltr'>ω</span> <span class='ocrx_word' id='word_1_239' title='bbox 640 3286 774 3323; x_wconf 78' lang='lat' dir='ltr'><strong>corr.</strong></span> <span class='ocrx_word' id='word_1_240' title='bbox 806 3269 920 3321; x_wconf 90' lang='lat' dir='ltr'><strong>Leo</strong></span> <span class='ocrx_word' id='word_1_241' title='bbox 946 3269 965 3335; x_wconf 82' lang='grc' dir='ltr'><strong>ΙΙ</strong></span> <span class='ocrx_word' id='word_1_242' title='bbox 991 3272 1095 3319; x_wconf 90' lang='grc'><strong>453</strong></span> <span class='ocrx_word' id='word_1_243' title='bbox 1133 3267 1295 3321; x_wconf 81' lang='lat' dir='ltr'><strong>verba</strong></span> <span class='ocrx_word' id='word_1_244' title='bbox 1333 3283 1472 3335; x_wconf 88' lang='lat' dir='ltr'><strong>quas</strong></span> <span class='ocrx_word' id='word_1_245' title='bbox 1501 3285 1554 3335; x_wconf 91' lang='lat' dir='ltr'><strong>p.</strong></span> <span class='ocrx_word' id='word_1_246' title='bbox 1585 3268 1624 3319; x_wconf 89' lang='lat' dir='ltr'><strong>t.</strong></span> <span class='ocrx_word' id='word_1_247' title='bbox 1655 3265 1814 3319; x_wconf 88' lang='lat' dir='ltr'><strong>iubes</strong></span> <span class='ocrx_word' id='word_1_248' title='bbox 1847 3266 1982 3321; x_wconf 82' lang='lat' dir='ltr'><strong>citat</strong></span> <span class='ocrx_word' id='word_1_249' title='bbox 2012 3266 2396 3335; x_wconf 75' lang='lat' dir='ltr'><strong>Quintilianus</strong></span> 
     </span>
     <span class='ocr_line' id='line_1_34' title="bbox 361 3336 2397 3408; baseline -0.002 -13"><span class='ocrx_word' id='word_1_250' title='bbox 361 3342 438 3407; x_wconf 76' lang='lat' dir='ltr'><strong>cf.</strong></span> <span class='ocrx_word' id='word_1_251' title='bbox 456 3341 633 3407; x_wconf 74' lang='lat' dir='ltr'><strong>praef.</strong></span> <span class='ocrx_word' id='word_1_252' title='bbox 655 3356 772 3407; x_wconf 75' lang='lat' dir='ltr'><strong>cap.</strong></span> <span class='ocrx_word' id='word_1_253' title='bbox 789 3340 866 3392; x_wconf 95' lang='lat' dir='ltr'><strong>II</strong></span> <span class='ocrx_word' id='word_1_254' title='bbox 886 3342 904 3408; x_wconf 80' lang='grc' dir='ltr'><strong>ΙΙ</strong></span> <span class='ocrx_word' id='word_1_255' title='bbox 931 3343 1034 3391; x_wconf 89' lang='grc'><strong>455</strong></span> <span class='ocrx_word' id='word_1_256' title='bbox 1065 3338 1281 3391; x_wconf 84' lang='lat' dir='ltr'><strong>nobiles</strong></span> <span class='ocrx_word' id='word_1_257' title='bbox 1309 3354 1506 3407; x_wconf 89' lang='lat' dir='ltr'><strong>regum</strong></span> <span class='ocrx_word' id='word_1_258' title='bbox 1523 3353 1722 3390; x_wconf 85' lang='lat' dir='ltr'><strong>manus</strong></span> <span class='ocrx_word' id='word_1_259' title='bbox 1741 3341 1787 3388; x_wconf 97' lang='lat' dir='ltr'>A</span> <span class='ocrx_word' id='word_1_260' title='bbox 1805 3336 1847 3407; x_wconf 81' lang='grc' dir='ltr'>Η</span> <span class='ocrx_word' id='word_1_261' title='bbox 1851 3341 1957 3389; x_wconf 85' lang='grc'><strong>456</strong></span> <span class='ocrx_word' id='word_1_262' title='bbox 1987 3336 2304 3391; x_wconf 84' lang='lat' dir='ltr'><strong>adalterum</strong></span> <span class='ocrx_word' id='word_1_263' title='bbox 2323 3337 2397 3390; x_wconf 76' lang='grc' dir='ltr'><strong>Ει</strong></span> 
     </span>
     <span class='ocr_line' id='line_1_35' title="bbox 359 3408 2396 3481; baseline -0.001 -17"><span class='ocrx_word' id='word_1_264' title='bbox 359 3426 508 3464; x_wconf 68' lang='lat' dir='ltr'><strong>corr.</strong></span> <span class='ocrx_word' id='word_1_265' title='bbox 537 3410 609 3463; x_wconf 62' lang='grc' dir='ltr'><strong>ΕΒ</strong></span> <span class='ocrx_word' id='word_1_266' title='bbox 654 3413 672 3478; x_wconf 80' lang='grc' dir='ltr'><strong>ΙΙ</strong></span> <span class='ocrx_word' id='word_1_267' title='bbox 717 3415 819 3463; x_wconf 87' lang='grc'><strong>457</strong></span> <span class='ocrx_word' id='word_1_268' title='bbox 861 3409 1023 3463; x_wconf 85' lang='grc'>001011</span> <span class='ocrx_word' id='word_1_269' title='bbox 1059 3416 1102 3462; x_wconf 81' lang='lat' dir='ltr'>E</span> <span class='ocrx_word' id='word_1_270' title='bbox 1141 3409 1375 3463; x_wconf 86' lang='lat' dir='ltr'><strong>colchon</strong></span> <span class='ocrx_word' id='word_1_271' title='bbox 1411 3413 1457 3460; x_wconf 95' lang='lat' dir='ltr'>A</span> <span class='ocrx_word' id='word_1_272' title='bbox 1493 3425 1627 3463; x_wconf 79' lang='lat' dir='ltr'><strong>corr.</strong></span> <span class='ocrx_word' id='word_1_273' title='bbox 1658 3420 1713 3474; x_wconf 87' lang='grc' dir='ltr'><strong>ψ</strong></span> <span class='ocrx_word' id='word_1_274' title='bbox 1747 3410 1755 3476; x_wconf 85' lang='grc' dir='ltr'>Ι</span> <span class='ocrx_word' id='word_1_275' title='bbox 1789 3410 1921 3461; x_wconf 85' lang='lat' dir='ltr'><strong>ante</strong></span> <span class='ocrx_word' id='word_1_276' title='bbox 1957 3412 2260 3477; x_wconf 82' lang='lat' dir='ltr'><strong>paepetam</strong></span> <span class='ocrx_word' id='word_1_277' title='bbox 2296 3415 2339 3461; x_wconf 81' lang='lat' dir='ltr'>E</span> <span class='ocrx_word' id='word_1_278' title='bbox 2375 3408 2396 3481; x_wconf 78' lang='grc' dir='ltr'>Η</span> 
     </span>
     <span class='ocr_line' id='line_1_36' title="bbox 368 3478 2397 3549; baseline 0.002 -18"><span class='ocrx_word' id='word_1_279' title='bbox 368 3485 475 3532; x_wconf 83' lang='grc'><strong>459</strong></span> <span class='ocrx_word' id='word_1_280' title='bbox 512 3481 694 3546; x_wconf 81' lang='lat' dir='ltr'><strong>adfert</strong></span> <span class='ocrx_word' id='word_1_281' title='bbox 730 3481 1028 3535; x_wconf 78' lang='lat' dir='ltr'><strong>Ennodius</strong></span> <span class='ocrx_word' id='word_1_282' title='bbox 1064 3481 1133 3546; x_wconf 81' lang='lat' dir='ltr'><strong>ef.</strong></span> <span class='ocrx_word' id='word_1_283' title='bbox 1157 3481 1339 3549; x_wconf 80' lang='lat' dir='ltr'><strong>praef.</strong></span> <span class='ocrx_word' id='word_1_284' title='bbox 1370 3497 1488 3547; x_wconf 80' lang='lat' dir='ltr'><strong>cap.</strong></span> <span class='ocrx_word' id='word_1_285' title='bbox 1518 3480 1595 3532; x_wconf 92' lang='lat' dir='ltr'><strong>II</strong></span> <span class='ocrx_word' id='word_1_286' title='bbox 1619 3480 1627 3545; x_wconf 82' lang='grc' dir='ltr'>Ι</span> <span class='ocrx_word' id='word_1_287' title='bbox 1660 3478 1789 3532; x_wconf 85' lang='lat' dir='ltr'><strong>exul</strong></span> <span class='ocrx_word' id='word_1_288' title='bbox 1826 3485 1868 3531; x_wconf 84' lang='lat' dir='ltr'>E</span> <span class='ocrx_word' id='word_1_289' title='bbox 1907 3479 2058 3532; x_wconf 85' lang='lat' dir='ltr'><strong>exuli</strong></span> <span class='ocrx_word' id='word_1_290' title='bbox 2097 3480 2397 3536; x_wconf 76' lang='lat' dir='ltr'><strong>Ennodius</strong></span> 
     </span>
    </p>
   </div>
   <div class='ocr_carea' id='block_1_5' title="bbox 369 3549 2392 3689">
    <p class='ocr_par' dir='ltr' id='par_1_18' title="bbox 369 3549 2392 3689">
     <span class='ocr_line' id='line_1_37' title="bbox 369 3549 2392 3620; baseline 0 -15"><span class='ocrx_word' id='word_1_291' title='bbox 369 3567 496 3605; x_wconf 78' lang='lat' dir='ltr'><strong>cum</strong></span> <span class='ocrx_word' id='word_1_292' title='bbox 535 3555 582 3607; x_wconf 84' lang='lat' dir='ltr'>A</span> <span class='ocrx_word' id='word_1_293' title='bbox 638 3567 747 3617; x_wconf 88' lang='lat' dir='ltr'><strong>quo</strong></span> <span class='ocrx_word' id='word_1_294' title='bbox 801 3567 891 3619; x_wconf 86' lang='grc'>1110</span> <span class='ocrx_word' id='word_1_295' title='bbox 936 3551 1177 3604; x_wconf 79' lang='lat' dir='ltr'><strong>remittis</strong></span> <span class='ocrx_word' id='word_1_296' title='bbox 1224 3550 1477 3604; x_wconf 83' lang='lat' dir='ltr'><strong>exulem?</strong></span> <span class='ocrx_word' id='word_1_297' title='bbox 1533 3549 1762 3604; x_wconf 83' lang='lat' dir='ltr'><strong>exilium</strong></span> <span class='ocrx_word' id='word_1_298' title='bbox 1809 3550 1944 3620; x_wconf 89' lang='lat' dir='ltr'><strong>imp.</strong></span> <span class='ocrx_word' id='word_1_299' title='bbox 2004 3551 2204 3607; x_wconf 80' lang='lat' dir='ltr'><strong>Usener</strong></span> <span class='ocrx_word' id='word_1_300' title='bbox 2241 3552 2392 3615; x_wconf 61' lang='lat' dir='ltr'><strong>Mus.</strong></span> 
     </span>
     <span class='ocr_line' id='line_1_38' title="bbox 370 3622 1049 3689; baseline -0.001 -13"><span class='ocrx_word' id='word_1_301' title='bbox 370 3622 543 3676; x_wconf 83' lang='lat' dir='ltr'><strong>Rhen.</strong></span> <span class='ocrx_word' id='word_1_302' title='bbox 574 3624 651 3674; x_wconf 80' lang='lat'><strong>28</strong></span> <span class='ocrx_word' id='word_1_303' title='bbox 681 3638 740 3689; x_wconf 78' lang='lat' dir='ltr'><strong>p.</strong></span> <span class='ocrx_word' id='word_1_304' title='bbox 772 3624 876 3675; x_wconf 88' lang='grc'><strong>391</strong></span> <span class='ocrx_word' id='word_1_305' title='bbox 916 3639 970 3675; x_wconf 89' lang='lat' dir='ltr'><strong>n.</strong></span> <span class='ocrx_word' id='word_1_306' title='bbox 1002 3628 1049 3675; x_wconf 91' lang='lat'><strong>1.</strong></span> 
     </span>
    </p>
   </div>
  </div>
 </body>
</html>
