2658 4117
1128 240 1434 295 OEDIPVS
1531 241 1534 246 ’
2159 244 2241 308 21
2253 245 2287 306 1

275 402 434 451 ΟΕΙ).
482 386 571 450 Et
617 387 760 469 quis
806 391 1172 470 peremptor
1216 388 1446 452 incluti
1491 388 1660 473 regis
1705 388 1873 452 fuit?

274 497 464 558 quem
512 480 825 539 memoret
871 477 982 539 ede
1030 475 1357 559 Phoebus,
1402 481 1477 540 ut
1522 498 1759 560 poenas
1806 477 1960 541 luat

275 581 378 629 cR
428 563 529 628 Sit
573 585 800 649 precor
845 565 1078 628 dixisse
1124 567 1339 628 tutum
1387 567 1530 629 visu
1576 570 1640 629 et
1685 566 1910 630 auditu
1956 565 2241 650 horrida3

269 658 496 737 torpor
541 654 776 718 insedit
821 676 935 737 per
979 657 1185 736 artus,
1228 654 1502 739 frigidus
1552 656 1810 741 sanguis
1857 657 2001 719 coit.

270 747 346 806 ut
393 747 637 807 sacrata
682 743 925 825 templa
969 741 1216 806 Phoebi
1263 745 1540 826 supplici
1585 745 1819 808 intravi
1863 745 2022 827 pede
2194 759 2295 807 225

271 836 337 896 et
384 833 522 916 pias
569 853 808 896 numen
853 835 1146 914 precatus
1193 833 1314 896 rite
1364 834 1653 897 summisi
1699 856 1951 916 111311118,

273 922 527 1006 gemina
571 919 837 984 Parnasi
881 921 1110 983 nivalis
1157 943 1271 983 arx
1317 924 1562 985 trucem
1608 922 1936 986 fremitum
1985 922 2185 1007 dedit3

271 1011 612 1074 imminens
657 1009 954 1073 Phoebea
999 1011 1216 1072 laurus
1262 1013 1527 1073 tremuit
1573 1015 1637 1074 et
1682 1012 1887 1075 movit
1932 1033 2180 1075 comam

270 1121 344 1164 ac
389 1103 650 1183 repente
698 1102 915 1162 sancta
959 1098 1158 1162 fontis
1204 1097 1470 1181 lympha
1518 1096 1779 1163 Castalii
1826 1101 2019 1164 stetit.

269 1189 497 1271 incipit
540 1187 744 1251 Letoa
788 1190 964 1251 vates
1012 1208 1308 1272 spargere
1355 1188 1685 1251 horrentes
1734 1209 1948 1252 comas
2191 1205 2295 1254 230

269 1282 333 1341 et
378 1278 513 1360 pati
561 1281 882 1341 commota
926 1275 1288 1361 Phoebum3
1351 1277 1626 1361 contigit
1681 1279 1967 1341 nondum
2016 1300 2296 1362 specum,

270 1369 500 1431 emicat
548 1370 729 1429 vasto
775 1365 1029 1450 fragore
1077 1367 1283 1428 maior
1327 1365 1610 1429 humano
1657 1388 1879 1431 sonus:

358 1457 539 1519 mitia
588 1454 878 1518 Cadmeis
926 1454 1299 1517 remeabunt
1347 1455 1551 1517 sidera
1596 1454 1862 1538 Thebis,

359 1546 411 1608 si
458 1544 772 1629 profugus
817 1543 1055 1607 Dircen
1100 1542 1420 1606 Ismenida
1464 1545 1729 1626 liqueris
1775 1544 2009 1626 hospes

356 1635 525 1718 regis
564 1634 751 1696 caede
788 1652 1042 1714 nocens,
1079 1631 1341 1696 Phoebo
1380 1633 1508 1695 iam
1544 1636 1737 1696 notus
1776 1637 1839 1697 et
1875 1632 2102 1697 infans.
2190 1649 2293 1698 235

357 1744 475 1786 nec
519 1722 638 1785 tibi
684 1723 878 1806 longa
923 1725 1185 1784 manent
1232 1722 1573 1784 sceleratae
1620 1722 1853 1806 gaudia
1899 1722 2135 1786 caedis:

359 1816 570 1875 tecum
616 1810 783 1874 bella
829 1831 1036 1894 geres,
1082 1810 1250 1873 natis
1299 1831 1554 1892 quoque
1600 1811 1768 1874 bella
1814 1809 2179 1893 relinquens

357 1901 597 1984 turpia,
641 1903 961 1962 maternos
1008 1900 1241 1962 iterum
1288 1899 1617 1962 revolutus
1643 1900 1732 1963 ¹in
1779 1902 1975 1963 ortus.

268 2094 427 2141 OED.
479 2076 664 2153 Quod
707 2078 915 2141 facere
960 2078 1212 2141 monitu
1260 2078 1559 2141 caelitum
1606 2078 1815 2141 iussus
1860 2099 2036 2161 paro,

263 2166 472 2231 functi
519 2167 834 2231 cineribus
880 2167 1050 2251 regis
1095 2168 1221 2230 hoc
1268 2167 1482 2230 decuit
1528 2167 1690 2249 dari,
2189 2184 2291 2232 240

264 2278 344 2319 ne
392 2260 611 2321 sancta
658 2257 996 2338 quisquam
1045 2259 1294 2338 sceptra
1340 2257 1609 2319 violaret
1656 2256 1822 2320 dolo.

264 2346 402 2431 regi
447 2346 684 2409 tuenda
730 2344 1007 2408 maxime
1051 2366 1276 2430 regum
1325 2349 1421 2408 est
1469 2345 1666 2407 salus:

265 2439 444 2498 curat
490 2438 893 2518 peremptum
939 2454 1128 2497 nemo
1176 2455 1366 2515 quem
1413 2432 1800 2496 incolumem
1848 2433 2050 2497 timet.

267 2540 367 2586 CR
420 2521 651 2586 Curam
697 2523 1013 2605 perempti
1060 2523 1264 2585 maior
1310 2523 1591 2585 excussit
1636 2524 1846 2586 timor.

264 2628 424 2676 ΟΕΙ).
471 2612 659 2676 Pium
706 2610 1038 2695 prohibuit
1082 2603 1253 2674 ullus
1302 2611 1587 2674 officium
1632 2611 1888 2675 metus?
2187 2628 2289 2675 245

263 2718 366 2765 ΟΒ.
417 2699 667 2784 Sphinx
713 2702 780 2764 et
823 2699 1082 2763 nefandi
1128 2701 1427 2763 carminis
1474 2701 1687 2764 tristes
1734 2701 1960 2763 minae.

263 2806 422 2853 OED.
470 2788 661 2854 Nunc
708 2790 1000 2872 expietur
1044 2790 1383 2852 numinum
1429 2790 1699 2872 imperio
1747 2787 1969 2851 scelus.

396 2877 695 2961 Quisquis
745 2879 1007 2941 deorum
1054 2900 1251 2962 regna
1297 2879 1587 2961 placatus
1634 2877 1837 2941 vides:

259 2971 360 3049 tu,
406 2972 479 3032 tu
525 2990 719 3051 penes
768 2988 957 3049 quem
1005 2967 1144 3030 iura
1190 2967 1556 3050 praecipitis
1603 2966 1739 3049 poli

401 3182 506 3231 223
535 3179 696 3231 tuum
716 3181 787 3228 At
813 3178 818 3248 1
845 3118 1076 3246 aspectu
1095 3176 1320 3231 horrido
1343 3181 1415 3228 Av
1434 3175 1743 3251 (horridum
1762 3177 1824 3245 α)
1853 3179 1872 3244 ΙΙ
1898 3181 2002 3229 225
2035 3175 2289 3244 supplice

259 3250 491 3317 Bentley
517 3251 537 3317 11
565 3254 669 3301 227
710 3264 837 3301 arsx
871 3254 914 3300 Ε
949 3252 955 3317 Ι
990 3248 1233 3302 sonitum
1271 3248 1431 3301 dedit
1467 3252 1512 3299 A
1548 3250 1566 3315 ΙΙ
1603 3251 1706 3299 228
1754 3247 1928 3301 movit
1964 3247 2192 3301 domum
2230 3264 2286 3301 ω

257 3337 393 3374 corr.
420 3322 534 3374 Leo
562 3322 712 3388 11229
750 3320 900 3373 81003
935 3319 1108 3373 fontis
1148 3321 1378 3390 Bentley
1411 3323 1418 3390 1
1452 3317 1729 3386 casphalii
1765 3324 1808 3370 Ε
1836 3321 1854 3387 Η
1882 3323 1987 3370 230
2025 3317 2213 3371 lethea
2241 3321 2286 3368 A

256 3391 409 3445 loeta
437 3397 480 3443 Ε
519 3406 656 3445 corr.
688 3393 761 3445 N.
783 3391 1056 3445 Heinsius
1084 3392 1116 3443 l.
1147 3408 1200 3444 n.
1232 3394 1249 3459 ΙΙ
1277 3396 1382 3444 233
1419 3389 1654 3459 phoebis
1682 3395 1725 3441 Ε
1753 3391 1772 3459 11
1799 3394 1905 3442 234
1940 3389 2170 3457 liquerit
2197 3395 2239 3441 Ε
2268 3391 2287 3459 ΙΙ

255 3468 359 3515 235
400 3463 618 3515 instans
655 3467 698 3513 Ε
735 3464 752 3530 ΙΙ
788 3467 891 3516 237
930 3461 1212 3530 relinques
1250 3466 1295 3513 A
1332 3465 1350 3530 ΙΙ
1385 3468 1488 3515 238
1526 3464 1718 3528 turpes
1756 3467 1799 3513 Ε
1845 3461 2027 3529 turpis
2064 3467 2110 3512 A
2147 3477 2283 3515 corr.

261 3535 330 3588 N.
364 3534 634 3588 Heinsius
663 3537 863 3601 p.170
896 3537 903 3602 Ι
935 3533 1129 3587 hortus
1167 3540 1208 3585 E
1247 3536 1264 3601 ΙΙ
1300 3538 1405 3585 243
1444 3532 1666 3601 quaerit
1692 3549 1748 3586 ω
1787 3532 2037 3604 queritur
2066 3550 2108 3586 α
2146 3549 2281 3587 corr.

257 3606 321 3660 de
358 3606 722 3659 Wilamowitz
750 3607 900 3673 11246
939 3603 1129 3672 Spinx.
1169 3606 1226 3657 et
1261 3604 1371 3657 nef.
1410 3610 1452 3656 Ε
1489 3602 1789 3672 prohibent
1825 3604 1934 3657 nef.
1973 3608 2018 3655 A

1858 3693 1958 3746 14*
