2658 4117
1113 234 1533 289 AGAMEMNO
2210 235 2342 300 249

309 403 443 445 non
486 382 673 445 illum
720 378 1006 444 Achilles
1052 380 1234 446 flexit
1277 379 1632 443 indomitus
1680 380 1900 463 minis,

309 492 443 534 non
487 470 600 534 ille
646 471 821 533 solus
865 469 1001 532 fata
1046 470 1158 551 qui
1203 469 1430 533 mundi
1474 469 1677 551 videt,

310 560 380 622 in
424 580 544 622 nos
589 558 798 622 fidelis
843 579 1068 643 augur,
1112 557 1183 620 in
1230 561 1449 640 captas
1494 557 1683 639 levis,
2237 573 2342 622 180

308 668 442 711 11011
487 648 766 730 populus
813 668 1002 730 aeger
1045 649 1110 709 et
1154 647 1512 710 relucentes
1557 646 1727 729 rogi:

309 735 479 799 inter
520 736 766 800 ruentis
815 733 1117 799 Graeciae
1164 739 1446 819 stragem
1491 734 1788 797 ultimam

311 824 447 889 sine
491 824 678 888 hoste
723 825 932 887 victus
979 828 1219 887 marcet
1264 844 1342 887 30
1394 821 1632 887 Veneri
1676 826 1863 886 vacat

308 916 709 998 reparatque·
738 934 1014 997 amores3
1059 933 1218 975 neve
1265 912 1568 981 desertus,
1596 911 1764 975 foret

308 1023 347 1064 a
392 1001 633 1083 paelice
678 1022 987 1083 umquam
1018 1000 1304 1064 ‘barbara
1352 1000 1599 1064 caelebs
1644 1004 1856 1083 torus,
2236 1016 2341 1063 185

309 1089 589 1153 ablatam
634 1085 880 1153 Achilli
926 1090 1139 1174 diligit
1183 1088 1559 1171 Lyrnesida,

307 1198 427 1240 nec
470 1199 692 1260 rapere
739 1178 972 1260 puduit
1015 1200 1050 1241 e
1097 1178 1242 1242 sinu
1288 1178 1576 1242 avulsam
1622 1177 1745 1239 viri
1784 1214 1866 1222 —

309 1287 388 1329 en
433 1264 680 1330 Paridis
726 1266 996 1330 hostem.
1088 1287 1262 1329 nunc
1305 1287 1548 1330 novum
1594 1265 1827 1329 vulnus
1875 1286 2102 1349 gerens

308 1375 524 1418 amore
568 1353 891 1439 Phrygiae
935 1354 1101 1419 vatis
1146 1355 1445 1419 incensus
1487 1354 1674 1435 furit,

305 1447 370 1506 et
416 1447 565 1525 post
609 1446 874 1525 tropaea
918 1442 1148 1507 Troica
1193 1463 1268 1506 ac
1312 1464 1568 1507 versum
1613 1440 1808 1505 Ilium
2235 1458 2341 1506 190

308 1534 534 1613 captae
580 1531 849 1595 maritus
894 1536 1137 1596 remeat
1182 1536 1245 1595 et
1290 1530 1531 1595 Priami
1578 1552 1787 1615 gener.

438 1617 822 1704 Accingere,
867 1621 1103 1685 anime:
1150 1620 1320 1684 bella
1366 1642 1499 1684 non
1541 1620 1711 1683 levia
1754 1640 2041 1701 apparas.

308 1708 514 1771 scelus
554 1709 998 1791 occupandum
1036 1713 1148 1773 est.
1223 1708 1428 1792 pigra,
1465 1730 1655 1791 quem
1693 1711 1989 1790 expectas
2028 1707 2240 1771 diem?

305 1794 574 1878 Pelopia
612 1794 931 1881 Phrygiae
977 1801 1228 1881 sceptra
1275 1798 1428 1860 dum
1472 1800 1733 1860 teneant
1777 1797 2018 1860 nurus?

306 1906 391 1947 an
434 1887 500 1947 te
546 1889 880 1948 morantur
922 1885 1204 1971 virgines
1249 1886 1479 1949 viduae
1527 1885 1701 1949 domi
2233 1900 2338 1949 195

307 1972 603 2055 patrique
652 1970 906 2038 Orestes
955 1974 1226 2039 similis?
1271 1974 1505 2037 horum
1550 1977 1615 2037 te
1662 1973 1831 2036 mala

305 2066 575 2126 ventura
620 2067 949 2145 moveant,
993 2064 1186 2127 turbo
1234 2064 1377 2146 quis
1422 2085 1637 2128 rerum
1683 2062 2002 2127 imminet:

307 2151 488 2234 quid,
533 2151 791 2234 misera,
838 2154 1088 2217 cessas?
1135 2174 1217 2216 en
1261 2153 1443 2216 adest
1487 2151 1700 2238 gnatis
1745 2151 1874 2215 tuis

302 2239 522 2303 furens
568 2260 858 2304 noverca.
951 2262 1066 2323 per
1109 2245 1324 2323 tuum,
1371 2242 1425 2304 si
1471 2241 1660 2306 aliter
1702 2241 1954 2323 nequit,

302 2328 474 2390 latus
522 2329 817 2412 exigatur
861 2330 1030 2392 ensis
1076 2334 1141 2394 et
1186 2331 1462 2413 perimat
1509 2331 1684 2394 duos.
1853 2370 1860 2375 <
2229 2344 2336 2392 200

305 2416 501 2479 misce
548 2437 867 2499 cruorem,
911 2418 1105 2500 perde
1150 2419 1474 2501 pereundo
1521 2419 1758 2482 virum:
2147 2424 2150 2429 ’

305 2525 479 2567 mors
525 2505 757 2569 misera
800 2527 935 2569 non
980 2511 1077 2570 est
1124 2507 1436 2571 commori
1483 2527 1630 2571 011111
1680 2528 1807 2589 quo
1854 2505 2030 2569 velis.

302 2610 509 2655 NVTR.
557 2592 832 2678 Regina,
876 2594 1057 2658 frena
1102 2599 1300 2659 temet
1348 2600 1412 2660 et
1458 2596 1610 2660 siste
1655 2596 1935 2678 impetus

302 2685 367 2744 et
415 2686 655 2764 quanta
699 2686 976 2764 temptes
1025 2685 1265 2768 cogita:
1311 2684 1520 2748 victor
1564 2684 1740 2747 venit

301 2765 497 2833 Asiae
539 2770 800 2852 ferocis,
844 2771 1021 2835 ultor
1063 2771 1391 2856 Europae,
1436 2772 1638 2838 trahit
2229 2786 2333 2834 205

303 2857 557 2941 captiva
603 2856 917 2943 Pergama
964 2863 1030 2923 et
1074 2861 1184 2924 diu
1229 2863 1437 2925 victos
1481 2859 1801 2944 Phrygas;

300 2945 476 3009 hunc
518 2946 743 3010 fraude
788 2967 961 3010 nunc
1007 2950 1256 3013 conaris
1304 2954 1368 3013 et
1412 2949 1587 3012 furto
1634 2948 1924 3032 aggredi,

302 3056 494 3116 quem
541 3056 674 3098 non
719 3031 1008 3100 Achilles
1055 3059 1204 3102 ense
1250 3038 1519 3101 violavit
1562 3037 1728 3119 fero,

302 3125 595 3204 quamvis
642 3144 978 3206 procacem
1024 3129 1246 3190 torvus
1294 3129 1604 3189 armasset
1648 3146 1939 3206 manum,

440 3301 541 3349 182
578 3313 680 3352 om.
718 3303 761 3349 Ε
790 3300 808 3366 ΙΙ
834 3302 932 3351 185
972 3314 1006 3351 3
1033 3317 1088 3367 p.
1117 3317 1172 3352 u.
1201 3299 1289 3353 vel
1319 3317 1451 3352 suus
1482 3315 1526 3352 0.
1558 3300 1597 3351 t.
1638 3303 1683 3350 A
1709 3300 1728 3366 ΙΙ
1754 3303 1853 3351 186
1891 3295 2205 3350 Briseidam
2242 3301 2287 3348 A
2315 3299 2333 3366 ΙΙ

297 3372 394 3420 187
431 3367 654 3420 1111183111
683 3373 729 3419 A
755 3370 773 3437 Η
800 3374 898 3422 188
928 3385 997 3423 011
1023 3370 1242 3438 rapidis
1271 3370 1324 3423 h.
1354 3376 1397 3422 Ε
1426 3372 1444 3438 ΙΙ
1471 3375 1571 3422 190
1606 3369 1845 3438 trophea
1872 3386 1926 3422 ω
1961 3370 1968 3437 Ι
2001 3367 2216 3420 troiaca
2243 3374 2285 3420 E
2315 3370 2334 3436 ΙΙ

296 3442 396 3489 194
450 3454 552 3492 om.
591 3450 648 3504 ψ
703 3441 721 3507 Η
774 3444 873 3492 199
931 3440 1089 3494 aliud
1126 3442 1326 3509 nequit
1372 3447 1418 3493 A
1472 3444 1490 3510 ΙΙ
1543 3445 1642 3494 201
1696 3439 1971 3509 perfunde
2007 3439 2188 3491 virum
2234 3445 2276 3491 E
2314 3441 2333 3508 ΙΙ

297 3512 404 3559 204
458 3510 648 3562 tentas
696 3512 811 3562 Ast)
866 3514 884 3579 Η
939 3516 1044 3564 207
1102 3511 1300 3566 fraude
1347 3530 1483 3565 num
1527 3511 1765 3582 Madviy
1814 3515 1821 3582 Ι
1874 3510 2093 3565 conaris
2130 3510 2333 3564 insana

292 3593 424 3647 agg.
464 3583 509 3630 A
