2658 4117
1052 258 1466 313 PRAEFATIO
2146 261 2275 314 xm

241 414 302 471 et
345 409 620 469 Vadiani
674 411 959 469 lectiones
1015 410 1306 469 conflatae
1362 413 1529 485 sunt,
1584 412 1653 469 ut
1705 410 1910 469 multis
1956 411 2128 486 locis,
2175 411 2278 470 ubi

244 502 425 559 ceteri
470 499 615 558 libri
653 517 690 556 a
738 520 770 557 τ
806 497 1134 574 discedunt,
1170 500 1234 557 in
1272 498 1451 557 dubio
1499 500 1580 558 sit
1614 499 2085 574 relinquendum,
2122 501 2276 559 sitne

246 589 577 648 communis
615 606 821 647 eorum
857 589 1034 647 lectio
1073 587 1147 646 ab
1187 588 1510 664 archetypo
1545 587 1884 663 repetenda,
1913 607 1990 646 an
2026 590 2278 648 alteram

249 678 320 737 ab
358 678 558 736 altera
591 677 830 736 fluxisse
866 676 1267 737 statuendum.
1321 675 1453 735 Hoc
1487 680 1690 734 tamen
1726 679 1969 751 certum,
1998 677 2280 737 Trevethi

249 766 471 824 librum
526 765 697 825 nullo
742 766 871 824 loco
919 785 956 824 a
1000 768 1334 825 ceterorum
1381 764 1583 839 aliquo
1630 764 1911 840 pendere,
1958 765 2059 824 sed
2104 785 2277 825 suum

252 858 310 914 et
344 855 662 930 proprium
699 856 901 913 tenere
936 855 1148 914 10011111.
1220 854 1431 928 Neque
1473 872 1677 912 rursus
1722 854 1776 911 R
1799 856 1881 913 10
1928 874 1964 913 a
1999 875 2030 912 τ
2067 855 2278 914 deduci

249 946 450 1020 potest
466 987 481 1017 ,
541 960 792 1018 quorum
845 961 1159 1004 consensus
1216 942 1293 1000 ad
1340 962 1649 1002 commune
1705 943 2068 1019 archetypon
2120 944 2278 1003 redit

250 1051 439 1108 eoque
493 1031 633 1106 plus
696 1032 883 1107 valet,
947 1031 1053 1091 ubi
1117 1033 1299 1090 ceteri
1363 1030 1542 1090 huius
1605 1031 1827 1090 ordinis
1891 1031 2030 1090 libri
2092 1032 2275 1092 disce-

252 1120 420 1179 dunt.
500 1119 575 1178 In
617 1119 969 1198 Augustano
1015 1119 1132 1180 duo
1179 1138 1332 1196 quae
1376 1119 1637 1179 indicavi
1682 1121 1948 1197 germina
1992 1121 2056 1179 in
2091 1142 2277 1179 unum

251 1210 430 1285 quasi
473 1208 822 1268 confluxisse
867 1209 1160 1268 videntur.
1233 1208 1540 1267 Librarius
1587 1209 1811 1268 scilicet
1847 1210 2276 1286 exemplaribus

250 1318 319 1357 ex
365 1300 623 1373 utroque
669 1298 835 1358 fonte
880 1299 1037 1357 natis
1083 1299 1174 1357 ita
1218 1315 1360 1356 usus
1407 1298 1524 1371 est,
1569 1300 1638 1355 ut
1681 1297 1855 1357 modo
1900 1299 2059 1358 hunc
2101 1299 2277 1359 1110ᾶο

248 1387 425 1445 11111111
474 1390 825 1462 sequeretur
870 1389 932 1446 et
977 1406 1128 1462 quae
1174 1386 1569 1462 descripserat
1612 1387 1859 1463 posthac
1906 1405 2039 1446 011111
2087 1388 2276 1448 altero

248 1475 401 1534 libro
460 1476 757 1535 conferret
810 1496 881 1535 ex
940 1495 1125 1551 eoque
1185 1476 1525 1553 corrigeret.
1618 1474 1841 1534 Similis
1902 1479 1992 1536 est
2047 1476 2277 1536 indoles

252 1564 543 1639 Vadiani‚
606 1564 747 1623 libri
808 1567 1012 1623 tamen
1076 1567 1138 1623 et
1191 1565 1601 1641 neglegentius
1662 1566 1869 1640 scripti
1928 1568 1989 1624 et
2048 1567 2152 1641 qui
2208 1586 2278 1625 ex

251 1652 590 1712 iunioribus
635 1654 900 1713 fontibus
945 1672 1065 1712 non
1108 1671 1300 1729 pauca
1346 1652 1687 1728 desumpsit.

384 1741 495 1800 His
553 1743 724 1801 novis
785 1742 1062 1801 subsidiis
1119 1741 1621 1818 quemadmodum
1676 1740 1751 1800 ad
1807 1741 2279 1800 constituendam

252 1831 651 1906 interpolatae
717 1833 1074 1891 recensionis
1139 1830 1458 1889 lectionem
1523 1821 1635 1911 (A)
1700 1848 1839 1889 usus
1904 1832 2017 1889 sim
2032 1874 2048 1904 ,
2119 1849 2274 1889 nunc

251 1919 576 1996 explicabo.

385 2008 469 2067 Et
525 2008 809 2084 quoniam
863 2008 975 2068 1100
1037 2007 1277 2084 quidem
1333 2010 1592 2082 constat,
1648 2008 2034 2068 vetustiorem
2098 2008 2277 2068 huius

250 2098 613 2157 recensionis
668 2098 922 2156 formam
974 2116 1095 2156 non
1148 2115 1321 2173 posse
1377 2098 1633 2156 inveniri
1687 2115 1759 2155 ea
1819 2116 1970 2172 quae
2017 2098 2281 2156 omnium

249 2188 484 2264 generis
523 2204 706 2262 supra
741 2186 1023 2261 descripti
1056 2185 1347 2245 librorum
1384 2204 1673 2246 consensu
1710 2188 2016 2262 appareat,
2051 2186 2275 2247 talibus

247 2275 624 2350 lectionibus,
668 2274 773 2332 ubi
818 2275 892 2333 ab
931 2274 980 2331 E
1027 2274 1324 2350 differunt,
1366 2277 1602 2351 signum
1632 2274 1694 2337 ,A
1729 2278 1889 2334 recte
1934 2276 2272 2351 apponitur.

252 2362 635 2439 Quamquam
688 2383 762 2422 ne
816 2364 993 2423 lectio
1048 2364 1288 2439 quidem
1341 2363 1611 2422 unanimi
1655 2363 1942 2422 librorum
1988 2382 2277 2424 consensu

250 2452 479 2512 tradita
517 2454 682 2511 omni
714 2452 928 2512 mendo
964 2454 1100 2527 post
1134 2454 1352 2512 veteris
1388 2453 1833 2528 interpolatoris
1871 2471 2114 2528 operam
2141 2443 2275 2512 con-

250 2544 446 2600 tracto
503 2543 707 2615 vacat,
751 2543 823 2599 ut
877 2542 1240 2618 archetypon
1295 2540 1518 2600 nostris,
1568 2540 1736 2600 libris
1782 2541 2116 2600 subiectum
2160 2560 2280 2601 non

251 2631 419 2689 illius
468 2630 771 2705 exemplar
811 2631 1027 2706 ipsum,
1064 2629 1167 2689 sed
1203 2629 1447 2705 aliquod
1485 2630 1558 2688 ab
1600 2630 1711 2688 hoc
1748 2631 2081 2705 antiquitus
2128 2630 2279 2688 deri-

252 2720 467 2778 vatum
511 2719 697 2778 fuisse
732 2718 1114 2778 statuendum
1150 2719 1244 2778 sit.
1307 2717 1502 2787 Quare
1542 2718 1747 2778 littera
1781 2718 1838 2776 A
1874 2720 2051 2778 lectio
2096 2718 2280 2795 signi-

252 2807 471 2867 ficatur
505 2807 796 2866 librorum
831 2826 1119 2867 consensu
1152 2808 1379 2866 tradita
1416 2808 1513 2866 vel
1547 2807 1781 2885 integra
1816 2808 1915 2866 vel
1950 2806 2280 2881 antiquitus

254 2900 556 2973 corrupta.
647 2896 742 2954 Ab
789 2915 859 2955 ea
905 2896 1296 2973 separandam
1349 2896 1495 2955 duxi
1546 2896 1861 2955 lectionem
1915 2895 2281 2955 saeculorum

254 2986 510 3046 decursu
547 3004 585 3044 a
618 2985 876 3061 pristina
920 2986 1113 3043 forma
1156 2985 1292 3061 plus
1338 2985 1608 3044 minusve
1654 2985 2061 3062 depravatam,
2106 2984 2209 3044 sed
2246 3004 2282 3043 a

255 3074 631 3134 noviciorum
685 3073 1094 3133 conaminibus
1147 3076 1465 3149 intactam,
1520 3074 1713 3149 qualis
1774 3076 2026 3150 apparet
2077 3074 2143 3132 in
2198 3075 2281 3132 eis

254 3164 446 3239 libris,
473 3164 581 3238 qui
618 3162 695 3221 ad
721 3165 892 3222 vetus
919 3162 1070 3221 illud
1107 3164 1471 3239 archetypon
1506 3161 1729 3221 Italum
1763 3162 2030 3238 redeunt,
2066 3183 2097 3221 0
2135 3181 2280 3239 quo-

255 3272 393 3311 mm
436 3271 681 3312 numero
729 3252 869 3310 libri
916 3269 1096 3327 supra
1139 3251 1420 3328 descripti
1464 3253 1773 3327 tamquam
1817 3254 2004 3311 totius
2050 3252 2280 3330 generis

255 3341 583 3418 specimina
618 3343 842 3400 extant.
915 3340 1138 3399 Eorum
1173 3340 1351 3400 lectio
1388 3340 1492 3399 ubi
1528 3359 1662 3399 cum
1698 3340 1866 3400 libris
1904 3361 1941 3400 a
1976 3341 2041 3400 1⁴¹.
2068 3340 2281 3400 Lnoun

258 3430 543 3490 adhibitis
600 3431 925 3504 consentit,
980 3430 1184 3488 littera
1232 3429 1289 3487 A
1333 3432 1492 3488 recte
1546 3430 1843 3507 signatur,
1904 3429 2010 3487 ubi
2069 3428 2143 3489 ab
2199 3431 2281 3488 eis

256 3518 526 3594 discedit,
568 3539 677 3596 pro
729 3519 1058 3579 vetustiore
1110 3518 1384 3577 habenda
1430 3520 1535 3578 0813.
1618 3517 1769 3577 Eam
1813 3518 1898 3576 Ατ
1939 3518 2157 3577 11110113
2204 3518 2280 3577 si-

257 3608 556 3685 gnandam
611 3610 757 3668 duxi
815 3640 901 3650 —
961 3629 988 3666 τ
1042 3608 1271 3667 1111011118
1317 3607 1549 3667 inclusa
1594 3599 1770 3685 [ΑΜ]
1784 3652 1799 3682 ,
1844 3606 1948 3666 ubi
1994 3607 2066 3666 de
2115 3609 2282 3665 textu
