2658 4117
383 213 512 277 376
1026 214 1085 266 L.
1114 212 1397 265 ANNAEI
1436 210 1760 266 SENECAE

383 359 539 443 quid
583 360 711 423 tale
758 357 918 422 Iuno
968 359 1190 444 genuit
1236 357 1590 422 aetherium
1638 380 1864 444 gerens

384 452 706 531 sceptrum
754 451 817 510 et
861 447 1138 511 Tonanti
1183 448 1429 531 nupta?
1478 448 1736 511 mortali
1781 452 1998 511 tamen
2268 463 2410 512 1510

384 539 629 601 caelum
676 540 901 600 tenens
949 537 1205 618 invidit,
1252 536 1524 600 Alciden
1573 558 1758 600 suum

383 627 508 690 dici
557 648 692 689 esse
738 626 961 689 voluit.
1053 647 1286 711 perage
1334 645 1529 709 nunc,
1577 625 1795 708 Titan,
1840 626 2011 689 vices

383 716 559 779 solus
606 715 893 778 relictus:
940 715 1050 779 ille
1099 716 1209 797 qui
1254 719 1466 778 vester
1513 735 1724 778 comes

379 804 620 886 ubique
665 804 940 886 fueram,
985 803 1250 867 Tartara
1296 808 1360 867 et
1406 825 1623 867 manes
1670 808 1839 887 peto.

382 894 549 957 hanc
593 896 811 956 tamen
856 892 936 955 ad
982 893 1146 956 imos
1191 892 1506 975 perferam
1554 892 1808 956 laudem
1846 893 2175 974 inclutam,
2270 908 2412 956 1515

384 982 557 1065 quod
602 982 780 1046 nulla
824 982 1023 1064 pestis
1068 981 1237 1045 fudit
1280 979 1557 1045 Alciden
1602 982 1814 1064 palam

385 1093 765 1155 omnemque
812 1075 1057 1155 pestem
1103 1071 1260 1134 vicit
1304 1067 1561 1134 Alcides
1608 1072 1839 1152 palam.

1218 1280 1563 1346 CHORVS

810 1405 862 1470 O
912 1407 1104 1471 decus
1151 1407 1404 1490 mundi,
1448 1406 1692 1471 radiate
1739 1407 1954 1489 Titan,

703 1497 883 1560 cuius
931 1496 1011 1559 ad
1055 1496 1299 1579 primos
1346 1494 1589 1560 Hecate
1634 1518 1902 1580 vapores

701 1587 871 1650 lassa
915 1588 1265 1649 nocturnae
1310 1586 1484 1649 levat
1532 1607 1643 1649 ora
1689 1585 1901 1670 bigae:
2271 1600 2414 1649 1520

703 1675 804 1739 dic
851 1674 967 1739 sub
1016 1672 1268 1737 Aurora
1313 1675 1542 1758 positis
1592 1672 1880 1756 Sabaeis,

704 1765 807 1827 dic
854 1764 974 1828 sub
1024 1783 1253 1826 occasu
1298 1763 1527 1846 positis
1575 1761 1861 1846 Hiberis,

704 1854 941 1936 quique
988 1853 1106 1917 sub
1152 1852 1439 1935 plaustro
1485 1853 1821 1935 patiuntur
1865 1873 2049 1915 ursae
2150 1895 2156 1902 -

705 1942 943 2024 quique
990 1942 1262 2005 ferventi
1310 1941 1689 2023 quatiuntur
1734 1962 1877 2024 axe,

703 2031 805 2095 dic
852 2029 970 2095 sub
1019 2034 1309 2095 aeternos
1357 2052 1697 2114 properare
1745 2052 1963 2096 manes
2271 2046 2416 2095 1525

704 2119 1049 2184 Herculem
1098 2124 1161 2184 et
1204 2141 1476 2205 regnum
1524 2121 1699 2183 canis
1745 2120 2045 2203 inquieti,

704 2209 872 2272 unde
918 2231 1051 2272 non
1094 2230 1403 2291 umquam
1448 2209 1760 2273 remeabit
1804 2209 1929 2271 ille.

705 2320 883 2362 sume
932 2319 1091 2380 quos
1138 2297 1341 2361 nubes
1387 2298 1599 2361 radios
1646 2302 2010 2379 sequantur,

705 2387 981 2470 pallidus
1029 2391 1304 2449 maestas
1354 2387 1681 2469 speculare
1728 2390 1928 2449 terras

707 2479 771 2540 et
818 2479 1009 2558 caput
1054 2480 1273 2558 turpes
1318 2475 1591 2539 nebulae
1637 2479 1978 2558 pererrent.
2273 2490 2417 2539 1530

708 2566 991 2647 quande,
1036 2586 1153 2647 pro
1200 2564 1420 2648 Titan,
1463 2564 1603 2646 ubi,
1653 2585 1778 2647 quo
1828 2564 1944 2635 sub
1992 2585 2108 2628 axe

704 2653 1047 2717 Herculem
1094 2654 1163 2716 in
1206 2654 1394 2716 terris
1443 2653 1640 2716 alium
1693 2653 2049 2735 sequeris?-

705 2765 863 2825 quas
910 2765 1136 2805 manus
1185 2742 1358 2805 orbis
1405 2742 1599 2805 miser
1633 2743 1986 2825 invocabit,

707 2833 761 2895 si
808 2853 934 2914 qua
980 2831 1099 2894 sub
1148 2830 1356 2894 Lerna
1401 2852 1742 2894 numerosa
1787 2831 1985 2914 pestis

707 2923 966 3005 sparget
1013 2921 1081 2983 in
1128 2923 1383 2983 centum
1431 2919 1673 2982 rabiem
1723 2920 2054 3005 dracones,
2275 2936 2418 2984 1535

527 3082 660 3130 1500
697 3077 833 3130 111110
871 3077 1093 3146 peperit
1128 3082 1173 3129 A
1200 3080 1218 3146 ΙΙ
1246 3082 1373 3129 1512
1412 3077 1463 3130 d.
1500 3093 1621 3131 6666
1655 3077 1827 3131 vellet
1863 3079 2095 3146 Bentley
2121 3079 2139 3145 ΙΙ
2167 3081 2291 3130 1518
2328 3093 2420 3130 re-

384 3149 550 3203 lictas
588 3150 663 3203 N.
695 3148 964 3203 Hemms
992 3165 1052 3216 p.
1081 3151 1198 3201 286
1225 3151 1243 3217 ΙΙ
1270 3153 1394 3200 1515
1442 3149 1697 3202 inclitam
1735 3153 1779 3199 A
1824 3151 1842 3217 ΙΙ
1887 3154 2013 3201 1516
2051 3166 2104 3217 p.
2143 3146 2279 3201 vicit
2314 3153 2362 3200 A
2401 3151 2420 3219 ΙΙ

388 3226 511 3273 1517
553 3236 844 3289 omemque
880 3225 923 3272 Ε
952 3222 970 3288 ΙΙ
998 3224 1132 3272 1520
1169 3219 1299 3272 laxa
1325 3237 1379 3272 n.
1410 3219 1584 3273 flebat
1619 3226 1661 3272 Ε
1690 3222 1708 3288 11
1736 3225 1888 3272 1523.
1909 3225 2043 3272 1524
2079 3221 2293 3274 inverso
2330 3237 2419 3274 or-

392 3292 520 3345 dine
557 3296 601 3342 A
642 3293 660 3360 ΙΙ
701 3296 834 3344 1524
872 3291 1081 3360 quique
1118 3291 1429 3344 feruentem
1466 3289 1763 3359 patiuntur
1799 3307 1959 3345 axem
1996 3296 2041 3343 A
2087 3292 2104 3358 ΙΙ
2149 3296 2282 3344 1525
2322 3291 2420 3345 (110

389 3363 460 3415 ad
500 3379 548 3416 a.
588 3368 633 3415 A
688 3364 705 3431 ΙΙ
760 3367 890 3415 1527
929 3363 1079 3415 1111(16
1116 3379 1228 3415 11011
1266 3380 1320 3416 ω
1369 3362 1551 3415 (1611110
1589 3364 1653 3416 ci.
1684 3364 1797 3416 Leo
1830 3365 1838 3431 1
1870 3378 2176 3431 numquam
2213 3367 2256 3414 Ε
2290 3364 2297 3431 Ι
2329 3379 2418 3416 16-

386 3432 597 3486 meavit
633 3451 688 3488 ω
735 3450 869 3488 corr.
910 3435 1023 3488 Leo
1055 3435 1063 3501 Ι
1095 3433 1228 3487 111(16
1265 3438 1308 3484 Β
1359 3433 1508 3486 1111116
1547 3438 1592 3485 A
1638 3451 1773 3488 corr.
1815 3434 2039 3488 Richter
2082 3436 2100 3501 ΙΙ
2155 3438 2279 3485 1531
2315 3433 2418 3486 ubi

389 3520 570 3571 quoue
609 3521 824 3564 summo
862 3507 975 3556 Ast)
1030 3506 1049 3572 ΙΙ
1103 3509 1235 3556 1533
1282 3503 1569 3557 invocabis
1606 3509 1651 3556 A
1706 3508 1723 3573 Η
1778 3509 1912 3557 1534
1964 3504 2067 3558 sub
2103 3507 2255 3558 terra
2299 3509 2344 3556 A
2395 3508 2413 3575 ss

387 3578 519 3625 1535
560 3577 787 3642 sparget
822 3575 1099 3628 intentam
1136 3574 1351 3629 rabiem
1392 3576 1649 3629 draconis
1688 3580 1732 3626 A
