2658 4117
860 289 1237 345 HERchEs
1276 292 1610 363 [FVRENs]
2163 294 2250 359 35

221 438 461 502 cervice
510 437 759 502 iactans
809 437 1113 521 quicquid
1160 396 1506 501 autumnus
1553 438 1766 523 gravis

217 526 551 609 hiemsque
601 526 816 612 gelido
861 526 1099 612 frigida
1143 527 1353 628 spatio
1398 527 1592 591 refert
2145 545 2248 594 950

219 637 344 678 uno
392 616 645 699 impetu
692 616 1012 679 transiliet
1056 620 1121 679 et
1164 617 1345 679 verni
1390 620 1568 699 petet

216 705 600 790 frangetque
637 705 807 768 tauri
846 705 1028 769 colla.
1116 722 1332 768 AMPH.
1384 703 1569 780 Quod
1616 705 1902 769 subitum
1948 705 2074 769 hoc
2121 730 2249 770 ma-

1715 795 1850 857 lum
1900 796 2037 860 est?

220 904 373 964 qu0‚
418 887 601 965 nate,
645 883 863 946 vultus
910 882 1039 947 huc
1084 886 1149 946 et
1191 881 1321 946 huc
1368 903 1544 946 acres
1589 882 1785 946 refers

218 971 478 1053 acieque
523 971 761 1036 falsum
807 972 1065 1035 turbida
1110 971 1358 1036 caelum
1405 971 1627 1034 vides?

221 1076 418 1123 HERC.
469 1058 840 1124 Perdomita
884 1060 1102 1145 tellus,
1148 1061 1398 1124 tumida
1444 1065 1767 1125 cesserunt
1813 1060 2004 1145 freta,
2142 1078 2245 1126 955

217 1150 465 1213 inferna
510 1153 768 1213 nostros
813 1171 1012 1234 regna
1058 1171 1307 1213 sensere
1354 1150 1659 1232 impetus:

217 1240 503 1302 immune
552 1239 800 1301 caelum
848 1242 970 1322 est,
1018 1239 1252 1324 dignus
1297 1236 1524 1302 Alcide
1570 1239 1768 1302 labor.

218 1329 285 1389 in
331 1328 464 1390 alta
510 1327 735 1390 mundi
782 1328 991 1410 spatia
1036 1328 1331 1391 sublimis
1376 1327 1568 1409 ferar,

217 1419 474 1499 petatur
520 1416 765 1479 aether:
813 1420 984 1480 astra
1029 1417 1352 1500 promittit
1397 1420 1593 1500 pater.

216 1505 401 1587 quid,
447 1505 503 1568 si
547 1506 853 1590 negaret?
900 1527 1031 1568 non
1078 1506 1252 1589 capit
1295 1511 1467 1569 terra
1509 1504 1853 1570 Herculem
2138 1523 2243 1572 960

214 1594 605 1677 tandemque
653 1595 900 1677 superis
944 1595 1168 1658 reddit.
1261 1617 1341 1658 en
1385 1595 1557 1658 ultro
1603 1600 1792 1660 vocat

217 1683 426 1746 omnis
474 1683 738 1746 deorum
787 1687 1006 1747 coetus
1053 1688 1116 1747 et
1160 1684 1337 1747 laxat
1380 1684 1575 1766 fores,

215 1794 345 1835 una
389 1776 662 1836 vetante.
754 1773 985 1856 recipis
1033 1775 1096 1836 et
1141 1772 1388 1836 reseras
1429 1773 1695 1856 polum?

215 1884 299 1924 an
346 1862 742 1925 contumacis
791 1863 1047 1925 ianuam
1095 1861 1319 1924 mundi
1365 1860 1596 1925 traho?

216 1949 546 2013 dubitatur
591 1950 829 2014 etiam?
876 1950 1088 2014 vincla
1134 1948 1410 2013 Saturno
1459 1972 1687 2013 exuam
2136 1968 2238 2017 965

215 2043 564 2123 contraque
612 2039 812 2123 patris
861 2039 1043 2123 impii
1087 2062 1360 2125 regnum
1405 2040 1728 2123 impotens

214 2152 404 2192 avum
450 2130 793 2214 resolvam3
841 2129 1012 2192 bella
1056 2129 1317 2193 Titanes
1365 2133 1618 2213 parent,

214 2241 314 2281 me
362 2219 522 2282 duce
567 2218 882 2301 furente83
929 2240 1082 2282 saxa
1127 2240 1273 2283 cum
1323 2219 1501 2281 silvis
1548 2218 1748 2281 feram

213 2308 585 2391 rapiamque
632 2307 857 2371 dextra
900 2308 1092 2390 plena
1140 2305 1474 2370 Centauris
1519 2307 1688 2392 iuga.

211 2397 337 2459 iam
385 2400 605 2460 monte
651 2397 908 2481 gemino
953 2397 1226 2459 limitem
1275 2396 1356 2459 ad
1403 2418 1664 2479 superos
1712 2417 1926 2481 agam:
2132 2415 2235 2462 970

212 2485 424 2548 videat
470 2485 589 2548 sub
637 2482 798 2548 Ossa
842 2483 1070 2548 Pelion
1119 2483 1359 2548 Chiron
1405 2508 1620 2568 suum,

210 2575 276 2636 in
323 2575 572 2637 caelum
621 2572 936 2658 Olympus
980 2575 1171 2638 tertio
1218 2575 1468 2656 positus
1515 2575 1715 2658 gradu

211 2664 538 2745 perveniet
583 2667 694 2726 aut
737 2664 1049 2727 mittetur.
1139 2680 1353 2726 AMPH.
1400 2661 1702 2727 Infandos
1748 2664 1974 2746 procul

209 2756 421 2815 averte
469 2774 720 2835 sensus;
766 2753 1044 2836 pectoris
1091 2752 1231 2815 sani
1274 2774 1501 2835 parum

209 2842 427 2924 magni
473 2845 690 2904 tamen
737 2862 1069 2924 compesce
1117 2841 1476 2905 dementem
1523 2841 1854 2923 impetum.
2131 2856 2235 2906 975

210 2947 408 2993 HERC,
457 2928 626 3004 Quid
669 2930 838 2995 hoc?
888 2928 1195 3015 Gigantes
1243 2952 1419 2993 arma
1462 2930 1749 3013 pestiferi
1795 2934 2072 2994 movent.

209 3019 500 3104 profugit
543 3019 803 3082 umbras
851 3018 1076 3102 Tityos
1124 3041 1198 3083 ac
1241 3020 1523 3084 lacerum
1573 3041 1799 3104 gerens

209 3113 269 3171 et
314 3109 507 3171 inane
552 3110 776 3190 pectus
825 3130 1017 3190 quam
1066 3129 1267 3192 prope
1314 3131 1353 3172 a
1398 3109 1573 3171 caelo
1622 3109 1816 3172 stetit.

207 3198 381 3260 labat
429 3193 802 3279 Cithaeron,
850 3198 980 3260 alta
1023 3196 1280 3261 Pellene
1326 3197 1546 3261 tremit

210 3289 618 3368 marcentque
664 3284 921 3369 Tempe.
1011 3287 1226 3370 rapuit
1269 3287 1379 3350 hic
1422 3286 1611 3349 Pindi
1658 3287 1835 3371 iuga,
2128 3302 2232 3350 980

206 3446 276 3508 (m
323 3460 393 3496 ex
426 3445 473 3512 t)
511 3442 584 3495 Ε1
626 3459 762 3497 corr.
802 3443 1037 3511 Lipsius
1097 3446 1115 3510 ΙΙ
1179 3448 1283 3495 950
1320 3442 1509 3511 gelido
1555 3443 1835 3512 fulgidum
1878 3444 2088 3509 Withof
2136 3445 2231 3510 (cf.

208 3517 272 3568 B.
298 3515 548 3569 Schmidt
580 3515 647 3569 de
682 3515 884 3569 emend.
897 3532 957 3584 p
975 3517 1128 3583 35sq.
1169 3514 1282 3568 Leo
1309 3514 1353 3566 I
1370 3518 1483 3569 203
1510 3530 1563 3567 n.
1586 3519 1644 3582 4)
1675 3517 1692 3582 ΙΙ
1720 3519 1823 3566 953
1862 3514 1973 3568 huc
2009 3517 2066 3567 et
2093 3514 2232 3567 illuc

205 3590 273 3638 At
307 3589 328 3655 n
354 3591 459 3639 963
488 3585 680 3655 recipi.
711 3586 810 3639 sed
838 3592 882 3638 Ε
909 3588 929 3655 11
956 3591 1061 3638 976
1098 3584 1368 3655 pestifera
1394 3590 1441 3637 A
1466 3588 1485 3655 ΙΙ
1512 3590 1615 3638 977
1654 3585 1815 3639 titius
1845 3590 1889 3636 A
1917 3586 1935 3657 Η
1963 3591 2067 3638 979
2099 3586 2230 3638 Pal-

207 3656 327 3710 lene
367 3662 411 3710 Δ
438 3661 457 3726 ss
485 3662 590 3710 980
626 3661 1021 3725 ’macetumque
1056 3663 1099 3709 E
1136 3659 1389 3711 marcent
1421 3659 1456 3710 i.
1486 3673 1525 3709 e.
1555 3658 1697 3723 perit
1724 3658 2042 3722 amoenitas,
2077 3656 2206 3722 τήκε

1837 3745 1912 3795 3*
