2658 4117
384 224 564 279 XXIV
1188 223 1597 278 PRAEFATIO

383 377 529 436 locis
574 376 799 451 passim
845 375 1322 450 comparentibus
1379 376 1698 451 quicquam
1745 378 1859 451 est,
1907 393 2025 450 quo
2070 374 2407 452 tragoedias

384 464 802 541 philosophum
840 465 1237 540 composuisse
1274 463 1590 524 verborum
1626 466 1722 523 vel
1756 484 1955 523 rerum
1992 465 2151 523 certo
2186 462 2407 522 indicio

385 555 753 631 coarguatur.
845 552 1004 610 Nam
1058 555 1142 612 eis
1198 572 1432 628 quoque
1486 553 1843 613 carminibus
1873 572 2049 628 -quae
2095 553 2159 609 in
2207 552 2405 612 codice

384 643 490 701 illo
549 640 843 701 Vossiano
899 639 947 710 Q
970 642 1051 700 86
1110 645 1348 701 servata
1407 645 1467 701 et
1526 662 1563 701 a
1606 644 1751 702 viris
1807 641 1995 701 doctis
2059 642 2155 701 vel
2210 642 2412 701 omnia

389 731 485 789 vel
529 749 649 789 non
685 730 853 789 nulla
892 730 968 789 ad
1007 733 1206 807 ipsum
1241 731 1660 808 philosophum
1707 734 2006 791 auctorem
2049 730 2240 789 redire
2288 749 2408 789 cre-

384 820 608 878 duntur
653 811 759 900 (M.
801 818 1027 879 Schanz
1063 820 1218 881 Hist.
1257 821 1375 878 litt.
1414 812 1701 880 110111Π2
1727 812 1839 901 58)
1886 823 2123 896 practer
2168 820 2413 879 fallacia

384 907 675 985 quaedam
705 910 963 987 vestigia
979 941 1067 950 —
1085 911 1252 968 velut
1288 912 1774 986 argumentorum
1810 908 2140 969 similitudo
2176 909 2241 966 in
2276 909 2411 966 rhe-

384 999 583 1055 torum
611 997 824 1056 scholis
855 999 1357 1057 conclamatorum
1368 989 1428 1078 ²¹⁸)
1453 1031 1541 1040 —
1567 1000 1720 1057 nihil
1750 997 2222 1075 deprehenditur,
2252 996 2412 1072 quod

385 1104 492 1161 pro
529 1104 669 1146 vero
707 1087 1007 1146 scaenicae
1044 1089 1237 1163 poesis
1284 1088 1469 1146 studii
1515 1087 1865 1147 documento
1905 1090 2064 1146 recte
2099 1085 2410 1145 habeatur.

384 1173 572 1234 Locos
619 1176 888 1234 enotavit
932 1175 1144 1252 Peiper
1187 1175 1336 1234 Mus.
1375 1176 1484 1234 Rh.
1526 1178 1629 1252 32,
1669 1178 1814 1236 534.

518 1280 823 1340 Disertum
869 1281 939 1341 de
978 1281 1200 1341 Seneca
1236 1282 1681 1360 tragoediarum
1727 1285 1966 1342 auctore
2002 1282 2415 1341 testimonium

383 1371 611 1446 primus
658 1370 846 1429 edidit

523 1481 576 1535 1.
608 1476 1109 1546 Quintilianus
1137 1477 1281 1537 Inst.
1312 1497 1394 1537 or.
1424 1477 1509 1535 IX
1540 1479 1598 1552 2,
1629 1478 1694 1536 8:
1758 1478 2191 1558 interrogamus
2229 1478 2414 1535 etiam

387 1598 472 1606 -
529 1565 795 1625 invidiae
849 1568 1072 1644 gratia,
1127 1569 1195 1624 ut
1247 1565 1459 1626 Medea
1511 1566 1671 1642 apud
1718 1564 2024 1624 Senecam:
2087 1584 2239 1641 quas
2282 1566 2417 1641 peti

386 1657 575 1714 terras
612 1651 820 1714 iubes?
865 1649 1029 1734 [Sen.
1066 1655 1220 1714 Med.
1257 1652 1537 1730 v.·453]..
1563 1687 1639 1695 —
1681 1654 1767 1712 Id.
1796 1654 1947 1712 VIII
1976 1656 2033 1728 3,
2064 1656 2176 1713 31:
2221 1656 2419 1713 nostri

385 1745 449 1802 in
493 1744 792 1822 iungendo
839 1747 945 1803 aut
988 1745 1053 1802 in
1096 1742 1417 1803 derivando
1461 1744 1709 1820 paulum
1756 1743 1983 1818 aliquid
2030 1744 2161 1801 ausi
2205 1743 2305 1801 vix
2346 1742 2413 1799 in

384 1832 497 1892 hoc
543 1835 689 1892 satis
732 1834 1116 1910 recipiuntur,
1153 1852 1293 1891 nam
1333 1827 1580 1892 >memini
1622 1833 1855 1892 iuvenis
1900 1829 2219 1890 admodum
2254 1833 2418 1889 inter

386 1920 785 1998 Pomponium
831 1924 891 1980 et
939 1921 1220 1981 Senecam
1265 1923 1447 1982 etiam
1503 1921 1972 1997 praefationibus
2019 1938 2142 1979 esse
2188 1921 2413 1979 tracta·

386 2013 534 2086 tum,
590 2028 668 2069 an
726 2005 976 2089 ‘gradus
1033 2005 1334 2070 eliminat’
1388 2012 1454 2070 in
1507 2010 1815 2089 tragoedia
1870 2009 1987 2069 dici
2033 2011 2417 2087 oportuisset,

389 2103 454 2158 at
497 2102 725 2159 veteres
769 2118 845 2157 ne
884 2094 1286 2176 ‘expectorat’
1325 2098 1565 2175 quidem
1600 2102 1944 2174 timuerunt,
1981 2102 2041 2158 et
2076 2118 2217 2158 sane
2254 2100 2414 2158 eius·

389 2188 522 2246 dem
577 2190 755 2248 notae
815 2190 905 2246 est
964 2182 981 2209 ‘
997 2181 1443 2269 exanimat'.**)

528 2296 582 2352 2.
605 2294 1081 2354 Terentianus
1099 2295 1414 2371 Maurus,
1434 2314 1609 2371 quem
1629 2298 1874 2354 exeunte
1894 2295 2126 2355 saeculo
2145 2315 2203 2371 p.
2228 2293 2330 2353 Ch.
2351 2316 2413 2353 11.

388 2382 642 2442 secundo
713 2383 894 2442 fuisse
968 2383 1137 2443 Gerh.
1208 2383 1541 2444 Schultzius
1614 2385 1856 2444 evicisse
1929 2383 2166 2443 videtur
2229 2377 2417 2464 (Her-

388 2490 511 2531 mes
552 2474 654 2547 22,
694 2464 872 2552 275),
916 2492 971 2530 v.
1012 2474 1180 2531 2135
1199 2491 1324 2549 sqq.
1372 2472 1448 2532 L:

608 2563 673 2618 in
718 2562 961 2639 tragicis
1007 2562 1247 2621 iunxere
1292 2564 1485 2622 choris
1531 2563 1687 2621 hunc
1733 2580 1906 2638 saepe
1951 2562 2160 2620 diserti

611 2648 892 2710 Annaeus
940 2649 1160 2710 Seneca
1207 2653 1267 2710 et
1309 2651 1673 2728 Pomponius
1720 2653 1856 2711 ante
1904 2650 2220 2709 Secundus.

531 2801 577 2870 *)
613 2800 679 2853 In
717 2801 1123 2871 epigrammate
1151 2801 1226 2855 ad
1254 2800 1571 2856 Cordubam
1600 2802 1807 2871 scripto
1838 2802 2044 2871 (Haase
2071 2802 2112 2867 I,
2143 2804 2268 2870 263)
2297 2819 2347 2855 v.
2379 2809 2421 2855 3

388 2874 578 2926 vatem
624 2887 682 2926 se
730 2875 926 2927 auctor
982 2871 1308 2941 compellat.
1379 2872 1573 2927 ‘Nunc
1617 2871 1928 2955 longinqua
1971 2875 2133 2926 tuum
2180 2872 2249 2926 de
2250 2871 2425 2941 plora

387 2942 650 3066 gorduba
670 2945 923 3067 {atemss
958 2943 1088 2998 ideo
1124 2943 1405 3012 nimirum,
1443 2944 1578 3013 quia
1612 2943 1721 2998 hoc
1756 2943 1881 3012 ipso
1919 2944 2165 3007 carmine
2203 2942 2424 2997 Cordu-

429 3029 521 3067 am
558 3030 686 3067 cam

531 3084 610 3154 ⁸¹⁸¹)
653 3085 774 3139 Hoc
820 3085 1142 3141 testimonio
1189 3086 1570 3154 confirmatur
1606 3085 2030 3156 philosophum,
2068 3101 2426 3153 quamquam

390 3155 811 3237 tragoediarum
851 3174 1050 3227 corpus
1086 3172 1268 3224 neque
1306 3156 1553 3211 edidisse
1587 3173 1770 3225 neque
1798 3158 1871 3210 ab
1900 3156 2013 3210 alio
2043 3156 2289 3225 quodam
2319 3157 2426 3211 edi

390 3242 449 3281 se
495 3225 618 3280 vivo
664 3243 862 3295 passus
910 3245 1031 3284 esse
1074 3227 1313 3293 videtur,
1354 3227 1605 3297 singulas
1645 3231 1837 3283 tamen
1883 3226 2035 3281 foras
2043 3175 2305 3281 qdedisse
2357 3231 2428 3283 et

386 3297 834 3366 praefationibus
862 3301 1132 3353 munitas:
1173 3315 1313 3367 quas
1348 3316 1475 3353 cum
1504 3297 1853 3363 Quintiliano
1883 3299 2228 3352 admodum
2210 3314 2428 3354 iuvene

390 3370 828 3437 comparuerint,
877 3386 912 3424 a
962 3371 1173 3425 Seneca
1229 3372 1360 3439 post
1409 3369 1642 3424 exilium
1693 3370 1931 3452 scriptas
1982 3386 2102 3424 esse
2154 3372 2427 3438 oportere

388 3441 541 3493 recte
588 3412 873 3494 concludit
917 3440 1029 3495 Leo
1055 3441 1082 3494 I
1109 3446 1193 3496 88.
1250 3473 1318 3481 —
1376 3439 1635 3496 Ceterum
1679 3440 1884 3494 mirum
1930 3457 2065 3495 sane
2103 3443 2214 3509 cst,
2261 3442 2430 3509 quod

388 3509 579 3563 rhetor
617 3510 1008 3565 celeberrimus
1055 3513 1114 3565 in
1160 3512 1501 3581 tragicorum
1546 3512 1927 3565 Romanorum
1970 3529 2203 3566 recensu
2249 3511 2430 3567 Pom-

387 3581 620 3650 ponium
657 3582 926 3650 nominat,
965 3582 1231 3637 Senecam
1269 3583 1494 3638 silentio
1531 3583 1752 3652 premit.
