2658 4117
388 258 519 321 322
1032 259 1090 311 L.
1121 257 1404 311 ANNAEI
1441 258 1768 313 SENECAE

389 409 452 469 et
498 406 607 468 ille
654 405 872 468 solem.
963 403 1179 468 nullus
1218 401 1505 468 Antaeus
1549 403 1749 487 Libys

388 494 668 558 animam
714 493 1009 576 resumit,
1055 492 1287 557 cecidit
1333 496 1479 556 ante
1527 515 1666 557 aras
1714 516 1859 557 suas
2354 513 2423 559 25

388 581 664 664 Busiris,
710 604 837 645 una
885 586 982 645 est
1030 579 1286 665 Geryon
1334 603 1589 664 sparsus
1636 605 1853 646 manu·

388 675 737 753 taurusque
782 671 1042 753 populis
1088 670 1385 734 horridus
1433 674 1690 735 centum
1736 692 1953 753 pavor.

391 759 840 843 quodcumque
886 760 1077 823 tellus
1126 759 1350 843 genuit
1394 760 1627 823 infesta
1675 761 1908 824 occidit

389 870 657 931 meaque
701 848 915 912 fusum
966 852 1063 911 est
1108 849 1393 911 dextera:
1441 849 1621 912 iratis
1669 848 1802 912 deis

388 959 520 1001 non
565 937 751 1001 licuit
798 958 950 1000 esse.
1044 937 1099 1000 si
1144 940 1341 1021 negat
1385 937 1662 1000 mundus
1707 937 1903 1019 feras,
2090 988 2110 999 .
2353 955 2423 1002 30

389 1027 676 1089 animum
720 1047 1022 1106 noverca,
1065 1025 1257 1088 redde
1302 1046 1474 1088 nunc
1518 1029 1671 1089 nato
1719 1030 1966 1109 patrem

389 1115 494 1178 vel
540 1118 710 1178 astra
753 1114 925 1177 forti.
1017 1134 1135 1177 nec
1179 1118 1331 1196 peto
1378 1118 1452 1177 ut
1497 1118 1814 1178 monstres
1863 1116 2009 1199 iter3

388 1204 689 1286 permitte
735 1206 1015 1284 tantum,
1062 1202 1340 1286 genitor:
1387 1202 1711 1266 inveniam
1762 1205 1945 1267 viam.

388 1293 492 1356 vel
539 1292 594 1354 si
639 1292 828 1354 times
874 1312 955 1353 ne
1002 1294 1173 1354 terra
1219 1289 1541 1372 concipiat
1583 1291 1779 1374 feraS,

389 1384 690 1464 properet
726 1380 967 1443 malum
1007 1378 1483 1462 quodcumque,
1531 1379 1683 1443 dum
1721 1384 1891 1444 terra
1931 1380 2276 1445 Herculem
2354 1398 2423 1444 35

392 1469 590 1532 habet
633 1468 958 1550 videtque:
1003 1490 1153 1530 nam
1203 1468 1348 1550 quis
1395 1468 1654 1531 invadet
1700 1471 1870 1533 mala

390 1562 503 1622 aut
549 1557 693 1640 quis
739 1579 855 1640 per
897 1556 1088 1619 urbes
1132 1579 1354 1620 rursus
1391 1553 1731 1641 Argolicas
1779 1559 1900 1622 erit

293 1688 316 1699 -
389 1645 657 1710 Iunonis
708 1645 856 1709 odio
905 1644 1183 1730 dignus?
1230 1646 1298 1708 in
1344 1648 1557 1708 tutum
1604 1668 1778 1710 meas

390 1736 610 1799 laudes
656 1734 902 1820 redegi,
947 1735 1127 1797 nulla
1171 1756 1274 1798 me
1320 1735 1513 1797 tellus
1563 1735 1732 1799 silet:

391 1846 494 1887 me
542 1823 742 1887 sensit
786 1845 970 1886 ursae
1015 1823 1324 1908 frigidum
1375 1820 1712 1905 Scythicae
1760 1846 1962 1909 genus
2354 1839 2425 1888 40

390 1911 714 1995 Indusque
760 1910 1024 1975 Phoebo
1074 1912 1397 1992 subditus,
1444 1931 1672 1975 cancro
1718 1911 1943 1997 Libys3
2415 1919 2421 1924 ”

390 2005 481 2084 te,
529 2000 696 2065 clare
734 1999 952 2083 Titan,
998 2003 1223 2065 testor:
1272 2000 1521 2065 occurri
1566 2000 1688 2065 tibi

392 2111 797 2173 quacumque
841 2090 1081 2174 fulges,
1126 2111 1245 2154 nec
1291 2112 1470 2154 meos
1515 2090 1630 2153 lux
1676 2091 1980 2173 prosequi

391 2179 607 2263 potuit
652 2178 1045 2261 triumphos,
1094 2177 1251 2241 solis
1297 2179 1539 2243 excessi
1585 2180 1757 2243 vices

390 2268 686 2349 intraque
731 2269 984 2329 nostras
1033 2265 1332 2330 substitit
1367 2271 1571 2330 metas
1619 2268 1770 2331 dies.
2353 2285 2426 2332 45

390 2359 621 2420 natura
667 2354 885 2436 cessit,
930 2358 1099 2418 terra
1146 2355 1379 2419 defecit
1424 2356 1718 2440 gradum:

388 2448 626 2509 lassata
671 2444 848 2527 prior
891 2447 1005 2507 est.
1096 2465 1226 2507 nox
1274 2447 1338 2506 et
1383 2448 1740 2508 extremum
1787 2443 1980 2507 chaos

391 2535 461 2598 in
506 2556 609 2596 me
655 2532 1030 2596 incucurrit:
1078 2532 1226 2596 inde
1272 2533 1354 2596 ad
1398 2533 1571 2596 hunc
1621 2533 1839 2596 orbem
1887 2532 2048 2615 redi,

388 2643 580 2688 nemo
626 2622 796 2685 unde
839 2625 1012 2684 retro
1060 2624 1173 2685 est.
1221 2622 1490 2685 tulimus
1539 2619 1776 2685 Oceani
1822 2623 2030 2684 minas
2040 2670 2060 2703 ,

389 2732 509 2776 nec
554 2712 688 2774 ulla
734 2711 939 2773 valuit
985 2714 1247 2792 quatere
1293 2714 1643 2794 tempestas
1687 2714 1891 2773 ratem
2355 2728 2427 2775 50

393 2819 862 2883 quamcumque
908 2799 1113 2881 pressi
1148 2835 1235 2844 ——
1273 2820 1420 2881 pars
1468 2803 1667 2881 quota
1713 2803 1811 2862 est
1852 2797 2121 2862 Perseus
2167 2800 2343 2862 mei?

535 2979 605 3026 26
643 2975 728 3026 est
765 2989 865 3026 om
895 2977 938 3024 E
1000 2975 1019 3041 ΙΙ
1083 2977 1151 3025 28
1190 2972 1460 3025 infestum
1498 2990 1542 3025 α
1605 2974 1623 3041 ΙΙ
1688 2977 1758 3024 29
1797 2972 1994 3025 dextra
2021 2974 2130 3026 Ast)
2184 2975 2193 3041 Ι
2252 2973 2426 3027 eratis

393 3044 512 3098 dies
549 3049 592 3096 E
638 3046 657 3112 ΙΙ
703 3049 771 3096 30
810 3043 890 3096 sic
925 3045 1100 3113 negat
1136 3049 1181 3095 A
1225 3046 1243 3112 ΙΙ
1289 3048 1352 3095 31
1389 3043 1678 3096 dominum
1717 3045 1781 3098 ci.
1812 3045 2013 3111 Peiper
2043 3047 2052 3113 1
2086 3036 2344 3097 co'ercam
2379 3051 2425 3096 Ε

391 3115 627 3168 nimium
665 3129 935 3167 novercae
963 3115 1039 3168 N
1062 3115 1334 3168 Heinsius
1355 3131 1412 3182 Ρ.
1443 3118 1551 3168 434
1586 3116 1820 3168 tandem
1846 3130 2116 3168 novercae
2145 3115 2272 3169 Leo.
2337 3115 2429 3181 Cf.

395 3187 556 3242 Ovid.
596 3186 681 3238 M
719 3186 820 3238 IX
853 3189 992 3239 198.-
1056 3185 1277 3238 defessa
1329 3185 1576 3239 iubendo
1631 3188 1718 3239 est
1763 3201 1931 3239 saeva
1982 3185 2127 3240 Iovis
2183 3185 2428 3239 coniunx

393 3258 627 3325 (Melzer
655 3273 712 3324 Ρ.
743 3260 815 3311 12
850 3260 931 3323 oi.)
979 3259 998 3325 ΙΙ
1042 3261 1112 3309 32
1149 3256 1321 3309 redde
1368 3259 1521 3310 astra
1566 3258 1633 3311 ci.
1668 3258 1892 3312 Richter
1935 3259 1954 3326 ΙΙ
2003 3262 2072 3309 39
2108 3256 2295 3325 recepi
2332 3260 2378 3307 A
2403 3257 2426 3328 Η

391 3334 460 3380 40
501 3327 727 3394 Scythie
765 3328 873 3381 A(‘t)
933 3330 950 3396 ΙΙ
1005 3332 1068 3379 41
1106 3327 1293 3381 cancri
1331 3334 1373 3380 E
1420 3330 1438 3396 ΙΙ
1485 3332 1553 3379 43
1590 3328 1753 3397 fuges
1788 3333 1832 3379 E
1888 3330 1906 3396 ΙΙ
1960 3332 2029 3379 45
2068 3326 2327 3394 infraque
2365 3345 2423 3382 ω

389 3415 527 3453 corr.
564 3400 783 3453 Gronov
811 3400 829 3467 ΙΙ
870 3403 938 3450 47
977 3397 1171 3452 laxata
1207 3414 1309 3468 per
1344 3414 1434 3451 me
1471 3415 1581 3451 nox
1619 3403 1665 3450 A
1701 3398 1736 3452 l
1768 3398 1928 3467 peior
1962 3417 2016 3452 n
2056 3400 2121 3452 ci.
2158 3399 2426 3468 G-ronovu

392 3474 461 3520 48
502 3468 747 3522 cucurrit
782 3473 828 3520 A
889 3472 908 3537 11
972 3474 1040 3521 49
1076 3469 1228 3522 unde
1266 3485 1429 3523 omne
1467 3475 1509 3520 1?-
1546 3470 1697 3523 unde
1733 3484 1897 3523 nemo
1935 3474 1981 3521 A
2021 3472 2029 3538 Ι
2070 3471 2218 3523 retro
2257 3470 2342 3521 est
2377 3475 2423 3520 Ε

392 3541 540 3590 retro
580 3542 698 3605 (om.
740 3542 847 3608 est)
883 3544 929 3591 A
965 3556 1101 3594 corr.
1142 3558 1185 3593 α
1227 3543 1245 3610 ΙΙ
1289 3546 1350 3592 51
1386 3540 1591 3609 pressit
1625 3546 1669 3592 E
1703 3542 1710 3608 Ι
1743 3556 1874 3609 pars
1913 3543 2087 3607 quota
2124 3543 2210 3593 est
2251 3555 2424 3605 quam

391 3621 697 3674 prosequor
731 3613 777 3660 A
813 3611 882 3676 cf.
914 3611 1121 3664 Melzer
1149 3628 1207 3681 Ρ.
1239 3615 1311 3666 12
