2658 4117
882 257 1259 312 HERCVLES
1299 258 1677 331 [OETAEVS]
2159 261 2289 326 365

398 419 603 467 HERC.
649 401 795 466 Heu
843 403 1049 484 qualis
1098 403 1270 467 intus
1318 404 1605 487 scorpios
1616 455 1633 486 ,
1681 406 1823 487 quis
1869 405 2115 469 fervida

264 494 457 578 plaga
500 492 791 555 revulsus
838 512 1062 556 cancer
1106 493 1343 556 infixus
1391 515 1563 557 meas

264 582 394 645 urit
440 581 796 644 medullas?
843 582 1171 666 sanguinis
1220 581 1541 664 quondam
1589 602 1791 666 capax
2149 601 2288 650 1220

263 671 496 735 tumidi
543 671 690 755 igne
737 692 848 735 cor
891 671 1218 753 pulmonis
1265 674 1513 735 arentes
1560 671 1754 735 fibras

269 759 600 842 distendit,
647 759 823 823 ardet
869 760 1020 822 felle
1068 760 1303 822 siccato
1353 761 1528 823 iecur

275 852 611 931 totumque
656 850 871 913 lentus
918 849 1296 933 sanguinem
1346 849 1557 913 avexit
1602 871 1819 932 vapor.

264 938 538 1020 primam
586 942 796 1002 cutem
845 938 1270 1021 consumpsit,
1314 936 1469 1003 hinc
1515 938 1758 1002 aditum
1804 938 1985 1003 nefas

264 1027 333 1090 in
378 1027 664 1090 membra
706 1027 886 1108 fecit,
933 1026 1200 1090 abstulit
1244 1027 1443 1111 pestis
1489 1028 1685 1111 latus,
2151 1046 2286 1093 1225

265 1116 477 1179 exedit
524 1120 698 1179 artus
744 1116 1002 1199 penitus
1049 1118 1113 1178 et
1158 1120 1368 1180 costas
1416 1117 1687 1199 malum,

261 1204 478 1270 hausit
523 1204 861 1268 medullas:
909 1204 1160 1269 ossibus
1206 1206 1426 1269 vacuis
1474 1206 1675 1288 sedet3

261 1316 380 1359 nec
427 1316 572 1359 ossa
617 1295 848 1358 durant
894 1294 1060 1377 ipsa,
1108 1293 1217 1358 sed
1265 1295 1684 1380 compagibus

265 1384 547 1447 discussa
591 1384 799 1467 ruptis
845 1384 1014 1447 mole
1062 1384 1367 1467 conlapsa
1411 1384 1635 1448 fluunt.

265 1472 498 1537 defecit
544 1473 769 1556 ingens
817 1493 1048 1554 corpus
1095 1476 1160 1536 et
1204 1473 1373 1557 pesti
1418 1474 1572 1537 satis
2150 1490 2286 1539 1230

261 1561 578 1625 Herculea
657 1582 789 1624 non
862 1565 1012 1625 sunt
1083 1561 1371 1625 membra
1450 1599 1524 1607 —
1603 1583 1720 1645 pro
1755 1632 1760 1638 ,
1806 1566 2116 1644 quantum
2191 1567 2288 1627 est

1753 1651 1993 1714 malum

264 1738 438 1821 quod
485 1760 620 1801 esse
668 1740 919 1801 vastum
966 1738 1189 1819 fateor,
1237 1758 1274 1799 0
1323 1736 1531 1800 dirum
1577 1738 1780 1802 nefas!

267 1849 348 1890 en
394 1827 658 1908 cernite,
703 1826 923 1907 urbes,
968 1826 1207 1891 cernite
1253 1848 1332 1889 ex
1379 1827 1492 1890 illo
1541 1825 1817 1891 Hercule

263 1915 445 1999 quid,
491 1915 643 1998 quid
692 1915 982 1998 supersit.
1072 1912 1417 1979 Herculem
1464 1917 1785 1999 agnoscis,
1832 1919 2058 2000 pater?

263 2004 448 2070 hisne
496 2026 614 2090 ego
661 2004 915 2069 lacertis
963 2004 1129 2070 colla
1173 2002 1479 2069 Nemeaei
1524 2005 1679 2069 mali
2148 2023 2284 2074 1235

265 2095 422 2158 elisa
466 2095 712 2178 pressi?
757 2099 976 2158 tensus
1022 2093 1143 2158 hac
1189 2115 1372 2158 arcus
1418 2116 1613 2157 manu

264 2184 450 2247 astris
498 2184 576 2247 ab
624 2184 780 2267 ipsis
828 2184 1058 2248 detulit
1105 2181 1629 2265 Stymphalidas?

261 2272 366 2335 his
413 2295 533 2359 ego
580 2273 842 2336 citatam
888 2272 1212 2357 gressibus
1259 2273 1386 2336 vici
1429 2272 1630 2336 feram

261 2360 548 2426 radiante
595 2363 834 2426 clarum
881 2363 1093 2425 fronte
1140 2364 1494 2446 gestantem
1545 2363 1779 2445 caput?

262 2449 364 2514 his
408 2451 613 2515 fracta
658 2449 852 2535 Calpe
899 2451 1193 2514 manibus
1239 2451 1454 2514 emisit
1497 2450 1776 2515 fretum?
2145 2470 2281 2518 1240

262 2537 365 2602 his
412 2543 511 2603 tot
556 2539 752 2622 ferae,
797 2544 897 2604 tot
943 2540 1206 2621 scelera,
1251 2543 1351 2603 tot
1396 2561 1578 2624 reges
1625 2539 1877 2605 iacent?

259 2628 364 2691 his
412 2629 688 2699 mundus
734 2629 971 2694 umeris
1019 2629 1226 2693 sedit?
1271 2629 1430 2692 haec
1476 2629 1677 2693 moles
1724 2651 1866 2693 mea
1913 2635 2036 2713 est,

402 2915 528 2962 1218
567 2929 719 2964 nano.
760 2912 942 2979 praef.
979 2922 1034 2976 ψ
1067 2911 1075 2975 Ι
1108 2911 1216 2963 11011
1255 2909 1380 2978 quis
1417 2908 1570 2962 intus
1609 2910 1858 2979 scorpius
1895 2916 1940 2963 A
1993 2914 2011 2981 ΙΙ
2065 2918 2192 2966 1219
2227 2931 2281 2983 p.

259 2997 516 3035 reuersus
553 2986 598 3033 A
651 2984 669 3051 ΙΙ
721 2987 850 3034 1221
894 2982 1099 3036 tumidi
1135 2982 1289 3035 iecur
1325 2998 1381 3035 ω
1435 2980 1640 3033 tumidi
1677 2998 1770 3034 cor
1807 2998 1875 3035 en
1912 2983 1988 3037 N.
2015 2984 2287 3039 Heinsius

256 3070 314 3121 Ρ.
343 3056 473 3119 275,
500 3055 682 3107 tumet
709 3054 839 3123 igne
869 3070 977 3119 cor,
1008 3073 1061 3122 p.
1091 3055 1223 3119 Lea,
1258 3068 1393 3107 corr.
1417 3051 1500 3105 M.
1524 3051 1731 3105 Maller
1751 3070 1808 3121 Ρ.
1841 3057 1914 3107 57
1939 3056 1958 3122 ΙΙ
1985 3060 2118 3107 1223
2158 3072 2284 3109 san-

261 3123 434 3193 guine
472 3127 637 3178 vexat
672 3130 715 3176 Ε
750 3127 769 3193 ΙΙ
805 3130 940 3178 1224
988 3125 1175 3178 aditus
1212 3128 1257 3175 A
1284 3125 1303 3192 ΙΙ
1343 3127 1476 3175 1225
1516 3122 1754 3177 abstuh't
1790 3125 1959 3179 costis
1995 3125 2150 3180 iecur
2183 3131 2231 3178 A
2267 3130 2284 3196 ΙΙ

261 3199 398 3248 1226
443 3197 594 3249 totas
640 3196 853 3249 malum
897 3201 945 3248 A
989 3198 1168 3250 tostas
1214 3196 1289 3248 N.
1321 3194 1591 3248 Heinsius
1633 3211 1689 3262 Ρ.
1728 3198 1843 3250 276
1894 3197 1913 3265 ΙΙ
1967 3201 2100 3249 1228
2158 3213 2284 3251 ossa

263 3266 314 3319 d.
364 3283 490 3320 ossa
538 3268 635 3320 sed
682 3274 724 3320 Β·
778 3270 796 3336 ΙΙ
849 3272 983 3320 1230
1038 3266 1212 3335 pestis
1261 3267 1321 3318 at
1368 3266 1453 3318 est
1497 3270 1539 3316 Β·
1585 3267 1602 3333 ΙΙ
1647 3270 1782 3319 1232
1820 3267 1970 3335 quod
2013 3284 2116 3338 ego
2163 3284 2283 3323 esse

261 3337 395 3392 Birt
455 3340 473 3406 ΙΙ
535 3343 669 3391 1238
706 3339 979 3393 incernite
1016 3344 1058 3390 Ε
1121 3340 1139 3406 ΙΙ
1201 3341 1337 3389 1234
1375 3335 1512 3403 quid
1559 3337 1802 3404 supersit
1833 3344 1876 3390 Ε
1915 3356 1965 3407 q.
2005 3339 2120 3392 iam
2159 3358 2198 3394 s.
2239 3345 2284 3392 A

259 3425 398 3463 corr.
430 3410 514 3461 M.
547 3410 757 3464 Mamer
784 3427 842 3478 Ρ.
874 3414 944 3464 54
977 3413 984 3477 Ι
1018 3410 1274 3478 agnoscit
1309 3412 1353 3458 Ε
1381 3409 1400 3475 Η
1435 3411 1567 3459 1235
1606 3408 1752 3462 colla
1787 3425 2017 3464 nemeae
2052 3411 2203 3464 mala
2240 3418 2282 3464 Β·

263 3479 445 3547 spolia
472 3480 655 3534 nemei
683 3481 819 3534 mali
848 3486 893 3533 A
929 3498 1063 3535 corr.
1094 3492 1149 3546 ψ
1177 3482 1195 3549 n
1224 3483 1354 3532 1237
1395 3477 1615 3547 depulit
1640 3485 1682 3531 Ε
1719 3481 1737 3547 ΙΙ
1773 3486 1907 3534 1239
1942 3482 2168 3536 radiata
2195 3489 2237 3535 Ε
2265 3486 2283 3553 ΙΙ

260 3555 396 3603 1240
443 3551 495 3604 11.
536 3552 572 3606 f.
615 3555 846 3621 carpent
881 3558 923 3604 Ε
966 3555 973 3621 Ι
1025 3551 1175 3606 elisit
1210 3555 1255 3602 A
1292 3548 1418 3603 elisi
1454 3555 1497 3601 Ε
1534 3566 1669 3604 corr.
1713 3551 1933 3609 Gronov
1970 3554 2189 3623 (elisum
2228 3557 2284 3608 et

260 3621 326 3675 fr.
369 3623 584 3694 Peiper)
617 3627 624 3691 Ι
656 3624 863 3678 fretum
899 3641 966 3678 ex
1000 3623 1179 3676 ferum
1216 3621 1288 3674 Ε1
1313 3623 1333 3689 ΙΙ
1360 3624 1495 3673 1242
1532 3622 1643 3675 11101
1681 3625 1767 3677 est
1803 3629 1848 3676 A
