2658 4117
376 234 503 298 378
1018 233 1075 286 L.
1106 232 1389 286 ANNAEI
1427 232 1751 287 SENECAE

805 378 930 443 Sed
974 381 1189 443 locum
1237 380 1443 442 virtus
1487 378 1682 442 habet
1727 380 1896 442 inter
1941 383 2125 443 astra.

695 469 861 533 sedis
909 474 1161 532 arctoae
1208 468 1488 550 spatium
1535 467 1783 531 tenebis
2025 508 2028 511 >
2264 483 2407 533 1565

696 581 779 622 an
825 580 1049 644 graves
1096 557 1288 620 Titan
1335 556 1448 620 ubi
1494 555 2037 639 promit‘aestus?

697 670 780 710 an
825 647 943 711 sub
993 668 1223 712 occasu
1268 644 1487 729 tepido
1535 645 1771 709 nitebis
1781 695 1799 728 ,

694 736 862 800 unde
911 736 1250 800 commisso
1299 756 1594 798 resonare
1641 739 1840 818 ponto

696 826 913 889 audies
962 823 1250 909 Calpen?
1300 824 1445 887 loca
1490 844 1653 906 quae
1700 824 1905 887 sereni

696 915 1011 997 deprimes
1059 914 1261 978 caeli?
1310 914 1453 997 quis
1502 912 1621 976 erit
1666 915 1921 994 recepto
2262 930 2404 978 1570

698 1007 880 1066 tutus
928 1001 1152 1067 Alcide
1196 1004 1377 1067 locus
1426 1003 1595 1065 inter
1641 1002 1853 1064 astra?

694 1092 953 1157 horrido
1003 1097 1254 1156 tantum
1301 1092 1529 1174 procul
1573 1112 1610 1152 a
1656 1091 1840 1154 leone

697 1181 806 1244 det
849 1185 1032 1264 pater
1076 1180 1255 1245 sedes
1303 1179 1637 1263 calidoque
1684 1199 1932 1262 canem,

696 1292 775 1333 ne
821 1273 935 1333 tuo
982 1271 1167 1333 vultu
1214 1269 1588 1333 tremefacta
1633 1269 1806 1353 leges

699 1362 869 1422 astra
916 1359 1298 1422 conturbent
1343 1357 1745 1441 trepidetque
1792 1356 1998 1421 Titan.
2265 1374 2404 1422 1575

696 1470 842 1511 vere
890 1447 1040 1511 dum
1087 1448 1275 1511 fiores
1322 1447 1583 1510 venient
1629 1446 1876 1529 tepenti

696 1537 799 1600 vel
846 1557 1095 1600 comam
1142 1537 1320 1600 silvis
1366 1535 1697 1599 revocabit
1742 1539 1949 1599 aestas
2266 1551 2404 1600 1578

693 1647 1014 1709 pomaque
1061 1629 1368 1689 autumno
1416 1625 1705 1710 fugiente
1753 1626 2004 1706 cedent,
2267 1639 2405 1688 1579

697 1717 800 1780 vel
848 1735 1096 1778 comam
1144 1715 1322 1778 silvis
1370 1714 1614 1777 hiemes
1661 1712 1971 1777 recident:
2268 1729 2406 1777 1577

695 1808 769 1868 tu
817 1825 1029 1869 comes
1074 1804 1366 1887 Phoebo,
1415 1824 1627 1865 comes
1674 1802 1798 1865 ibis
1847 1803 2052 1866 astris,
2267 1818 2403 1867 1581

697 1895 880 1958 nulla
925 1897 988 1957 te
1034 1894 1219 1957 terris
1266 1892 1476 1975 rapiet
1521 1892 1833 1954 vetustas:
2266 1907 2406 1955 1580

695 1987 842 2046 ante
889 1987 1185 2047 nascetur
1230 2003 1413 2068 seges
1460 1982 1528 2044 in
1575 1980 1893 2064 profundo
2265 1996 2403 2044 1582

694 2074 798 2136 vel
843 2074 1078 2136 fretum
1127 2073 1299 2136 dulci
1346 2070 1674 2135 resonabit
1720 2069 1915 2151 unda,

696 2164 843 2224 ante
890 2161 1228 2225 descendet
1274 2161 1560 2245 glacialis
1608 2180 1791 2222 ursae

695 2249 868 2313 sidus
917 2254 980 2313 et
1025 2254 1225 2333 ponto
1272 2251 1473 2314 vetito
1519 2250 1786 2329 fruetur,
2262 2264 2400 2312 1585

697 2361 888 2422 quam
934 2343 1077 2402 tuas
1123 2340 1341 2403 laudes
1389 2339 1615 2422 populi
1660 2338 2007 2421 quiescant.

692 2431 782 2510 te,
827 2432 1011 2510 pater
1054 2450 1291 2510 rerum,
1339 2426 1558 2492 miseri
1602 2447 1965 2510 precamur:

692 2517 872 2580 nulla
916 2521 1215 2580 nascatur
1258 2518 1395 2581 fera
1404 2568 1421 2600 ⁷
1467 2517 1646 2580 nulla
1692 2516 1919 2599 pestis,

693 2629 824 2670 non
870 2608 1060 2670 duces
1108 2628 1329 2670 saevos
1377 2605 1736 2671 miseranda
1781 2605 1973 2668 tellus

692 2695 976 2779 horreat,
1021 2696 1199 2759 nulla
1245 2696 1612 2759 dominetur
1657 2695 1802 2756 aula
2265 2709 2405 2757 1590

695 2786 808 2867 qui
852 2788 1038 2868 putet
1084 2785 1293 2848 solum
1344 2783 1535 2848 decus
1584 2805 1720 2847 esse
1766 2782 1950 2867 regni

697 2895 946 2956 semper
991 2872 1367 2956 impendens
1412 2874 1693 2937 tenuisse
1738 2872 2006 2956 ferrum3

517 3107 857 3155 1564—1606
912 3118 1011 3156 om.
1058 3108 1126 3168 Ες
1185 3104 1360 3156 locum
1403 3103 1655 3170 spurium
1710 3117 1817 3156 esse
1860 3102 2172 3168 suspicatur
2216 3101 2331 3155 Leo
2387 3102 2406 3172 Η

375 3180 508 3228 1564
539 3173 635 3228 Sin
663 3174 849 3227 locum
881 3175 1107 3228 Grotius
1132 3175 1150 3243 ΙΙ
1178 3179 1310 3226 1566
1340 3173 1525 3243 gravis
1554 3178 1599 3225 A
1627 3176 1644 3242 ΙΙ
1673 3177 1805 3225 1570
1832 3172 2045 3240 recepti
2073 3176 2117 3222 A
2153 3187 2289 3225 corr.
2310 3183 2368 3237 ψ
2387 3174 2404 3242 ΙΙ

374 3251 507 3299 1576
544 3246 782 3299 ueniunt
809 3250 854 3297 A
883 3247 1020 3315 (Rlo
1040 3247 1168 3316 Ay.)
1196 3262 1333 3300 corr.
1364 3257 1419 3310 ψ
1458 3245 1619 3312 (Vd.)
1650 3246 1667 3312 ΙΙ
1695 3249 1825 3296 1577
1858 3250 1985 3312 post
2019 3247 2151 3295 1579
2188 3245 2407 3299 traiecit

373 3317 597 3373 Richter
646 3321 654 3386 Ι
704 3319 762 3370 et
813 3333 1027 3370 comam
1080 3322 1128 3369 A
1182 3334 1316 3371 corr.
1357 3317 1581 3370 Richter
1629 3318 1637 3384 Ι
1685 3315 1945 3368 recidunt
2000 3319 2044 3365 A
2098 3330 2232 3368 corr.
2273 3326 2328 3379 ψ
2386 3311 2425 3386 11„

374 3393 500 3441 1581
555 3396 689 3444 aute.
737 3393 870 3440 1580
917 3390 1108 3456 posuit
1159 3388 1384 3442 Richter
1436 3391 1454 3458 ΙΙ
1509 3392 1641 3439 1584
1698 3386 1951 3440 discedet
1999 3390 2044 3437 A
2097 3402 2232 3440 corr.
2273 3397 2328 3450 ψ
2386 3390 2403 3456 ΙΙ

374 3464 506 3512 1590
542 3460 756 3514 habeat
789 3476 891 3513 nec
926 3459 1045 3512 ulla
1083 3465 1127 3511 A
1172 3476 1306 3515 corr.
1347 3461 1579 3527 Lipsius
1605 3461 1623 3526 ΙΙ
1651 3462 1776 3510 1591
1819 3457 1918 3525 qui
1956 3457 2056 3527 (vel
2092 3457 2261 3525 quod)
2302 3474 2403 3526 po-

374 3530 487 3582 test
523 3535 568 3582 A
614 3548 749 3585 corr.
789 3543 844 3596 ψ
884 3532 1070 3599 (putat
1107 3534 1244 3599 mo)
1299 3533 1316 3598 ΙΙ
1373 3535 1505 3584 1592
1561 3531 1876 3599 impensum
1914 3534 1958 3580 A
2004 3545 2137 3583 corr.
2179 3529 2408 3585 Richter

375 3599 675 3664 (intensum
711 3602 791 3654 vel
827 3601 1105 3655 intentum
1143 3603 1216 3656 N.
1248 3602 1519 3656 Heinsius
1550 3619 1591 3671 p
1635 3604 1769 3670 287)
