<?xml version="1.0" encoding="UTF-8"?>
<!DOCTYPE html PUBLIC "-//W3C//DTD XHTML 1.0 Transitional//EN"
    "http://www.w3.org/TR/xhtml1/DTD/xhtml1-transitional.dtd">
<html xmlns="http://www.w3.org/1999/xhtml" xml:lang="en" lang="en">
 <head>
  <title>
</title>
<meta http-equiv="Content-Type" content="text/html;charset=utf-8" />
  <meta name='ocr-system' content='tesseract 3.04.00' />
  <meta name='ocr-capabilities' content='ocr_page ocr_carea ocr_par ocr_line ocrx_word'/>
</head>
<body>
  <div class='ocr_page' id='page_1' title='image "./senecaetragoedi00senegoog_0360.png"; bbox 0 0 2658 4117; ppageno 0'>
   <div class='ocr_carea' id='block_1_1' title="bbox 353 258 1732 327">
    <p class='ocr_par' dir='ltr' id='par_1_1' title="bbox 353 258 1732 327">
     <span class='ocr_line' id='line_1_1' title="bbox 353 258 1732 327; baseline 0.003 -17"><span class='ocrx_word' id='word_1_1' title='bbox 353 263 482 327; x_wconf 85' lang='lat'>308</span> <span class='ocrx_word' id='word_1_2' title='bbox 996 260 1055 312; x_wconf 84' lang='lat' dir='ltr'>L.</span> <span class='ocrx_word' id='word_1_3' title='bbox 1086 259 1369 313; x_wconf 83' lang='lat' dir='ltr'>ANNAEI</span> <span class='ocrx_word' id='word_1_4' title='bbox 1408 258 1732 314; x_wconf 78' lang='lat' dir='ltr'>SENECAE</span> 
     </span>
    </p>
   </div>
   <div class='ocr_carea' id='block_1_2' title="bbox 670 410 2398 3318">
    <p class='ocr_par' dir='ltr' id='par_1_2' title="bbox 670 410 2398 3318">
     <span class='ocr_line' id='line_1_2' title="bbox 674 410 1264 490; baseline -0.005 -19"><span class='ocrx_word' id='word_1_5' title='bbox 674 428 834 490; x_wconf 91' lang='lat' dir='ltr'>quae</span> <span class='ocrx_word' id='word_1_6' title='bbox 882 427 1071 470; x_wconf 80' lang='lat' dir='ltr'>eausa</span> <span class='ocrx_word' id='word_1_7' title='bbox 1116 410 1264 469; x_wconf 90' lang='lat' dir='ltr'>tuos</span> 
     </span>
     <span class='ocr_line' id='line_1_3' title="bbox 670 491 1660 575; baseline -0.003 -17"><span class='ocrx_word' id='word_1_8' title='bbox 670 496 878 560; x_wconf 87' lang='lat' dir='ltr'>limite</span> <span class='ocrx_word' id='word_1_9' title='bbox 923 498 1097 559; x_wconf 86' lang='lat' dir='ltr'>oerto</span> <span class='ocrx_word' id='word_1_10' title='bbox 1145 494 1375 557; x_wconf 79' lang='lat' dir='ltr'>deiecit</span> <span class='ocrx_word' id='word_1_11' title='bbox 1419 491 1660 575; x_wconf 78' lang='lat' dir='ltr'>equos?</span> 
     </span>
     <span class='ocr_line' id='line_1_4' title="bbox 671 580 2389 666; baseline -0.002 -18"><span class='ocrx_word' id='word_1_12' title='bbox 671 584 987 666; x_wconf 90' lang='lat' dir='ltr'>numquid</span> <span class='ocrx_word' id='word_1_13' title='bbox 1031 586 1254 665; x_wconf 82' lang='lat' dir='ltr'>aperto</span> <span class='ocrx_word' id='word_1_14' title='bbox 1304 602 1553 645; x_wconf 75' lang='lat' dir='ltr'>earcere</span> <span class='ocrx_word' id='word_1_15' title='bbox 1597 580 1770 645; x_wconf 88' lang='lat' dir='ltr'>Ditis</span> <span class='ocrx_word' id='word_1_16' title='bbox 2282 598 2389 647; x_wconf 83' lang='lat'>805</span> 
     </span>
     <span class='ocr_line' id='line_1_5' title="bbox 671 668 1804 755; baseline -0.004 -19"><span class='ocrx_word' id='word_1_17' title='bbox 671 673 826 736; x_wconf 84' lang='lat' dir='ltr'>victi</span> <span class='ocrx_word' id='word_1_18' title='bbox 869 674 1191 755; x_wconf 74' lang='lat' dir='ltr'>temptant</span> <span class='ocrx_word' id='word_1_19' title='bbox 1236 670 1406 735; x_wconf 86' lang='lat' dir='ltr'>bella</span> <span class='ocrx_word' id='word_1_20' title='bbox 1454 668 1804 755; x_wconf 77' lang='lat' dir='ltr'>Gigantes?</span> 
     </span>
     <span class='ocr_line' id='line_1_6' title="bbox 672 758 1776 844; baseline -0.003 -20"><span class='ocrx_word' id='word_1_21' title='bbox 672 761 987 842; x_wconf 90' lang='lat' dir='ltr'>numquid</span> <span class='ocrx_word' id='word_1_22' title='bbox 1031 758 1257 844; x_wconf 79' lang='lat' dir='ltr'>Tityos</span> <span class='ocrx_word' id='word_1_23' title='bbox 1303 762 1563 841; x_wconf 86' lang='lat' dir='ltr'>peotore</span> <span class='ocrx_word' id='word_1_24' title='bbox 1607 759 1776 822; x_wconf 83' lang='lat' dir='ltr'>fesso</span> 
     </span>
     <span class='ocr_line' id='line_1_7' title="bbox 674 847 1749 914; baseline -0.004 0"><span class='ocrx_word' id='word_1_25' title='bbox 674 853 942 914; x_wconf 86' lang='lat' dir='ltr'>renovat</span> <span class='ocrx_word' id='word_1_26' title='bbox 985 851 1232 913; x_wconf 86' lang='lat' dir='ltr'>veteres</span> <span class='ocrx_word' id='word_1_27' title='bbox 1280 847 1532 911; x_wconf 84' lang='lat' dir='ltr'>saueius</span> <span class='ocrx_word' id='word_1_28' title='bbox 1578 847 1749 911; x_wconf 77' lang='lat' dir='ltr'>iras?</span> 
     </span>
     <span class='ocr_line' id='line_1_8' title="bbox 674 937 1169 1002; baseline -0.004 0"><span class='ocrx_word' id='word_1_29' title='bbox 674 961 831 1002; x_wconf 91' lang='lat' dir='ltr'>num</span> <span class='ocrx_word' id='word_1_30' title='bbox 875 937 1112 1001; x_wconf 80' lang='lat' dir='ltr'>reiecto</span> <span class='ocrx_word' id='word_1_31' title='bbox 1160 964 1169 974; x_wconf 94' lang='lat'><strong>·</strong></span> 
     </span>
     <span class='ocr_line' id='line_1_9' title="bbox 673 1022 1899 1109; baseline -0.002 -18"><span class='ocrx_word' id='word_1_32' title='bbox 673 1030 843 1092; x_wconf 89' lang='lat' dir='ltr'>latus</span> <span class='ocrx_word' id='word_1_33' title='bbox 891 1026 1200 1109; x_wconf 82' lang='lat' dir='ltr'>explicuit</span> <span class='ocrx_word' id='word_1_34' title='bbox 1245 1028 1465 1088; x_wconf 87' lang='lat' dir='ltr'>monte</span> <span class='ocrx_word' id='word_1_35' title='bbox 1511 1022 1899 1107; x_wconf 79' lang='lat' dir='ltr'>Typhoeus?</span> 
     </span>
     <span class='ocr_line' id='line_1_10' title="bbox 675 1111 2389 1197; baseline -0.001 -18"><span class='ocrx_word' id='word_1_36' title='bbox 675 1115 991 1196; x_wconf 88' lang='lat' dir='ltr'>numquid</span> <span class='ocrx_word' id='word_1_37' title='bbox 1036 1114 1305 1177; x_wconf 84' lang='lat' dir='ltr'>struitur</span> <span class='ocrx_word' id='word_1_38' title='bbox 1351 1113 1456 1177; x_wconf 86' lang='lat' dir='ltr'>via</span> <span class='ocrx_word' id='word_1_39' title='bbox 1499 1111 1889 1197; x_wconf 82' lang='lat' dir='ltr'>Phlegraeos</span> <span class='ocrx_word' id='word_1_40' title='bbox 2282 1128 2389 1178; x_wconf 86' lang='grc'>810</span> 
     </span>
     <span class='ocr_line' id='line_1_11' title="bbox 677 1200 1827 1285; baseline -0.003 -18"><span class='ocrx_word' id='word_1_41' title='bbox 677 1204 810 1268; x_wconf 88' lang='lat' dir='ltr'>alta</span> <span class='ocrx_word' id='word_1_42' title='bbox 855 1225 969 1285; x_wconf 90' lang='lat' dir='ltr'>per</span> <span class='ocrx_word' id='word_1_43' title='bbox 1011 1201 1230 1265; x_wconf 89' lang='lat' dir='ltr'>hostes</span> <span class='ocrx_word' id='word_1_44' title='bbox 1277 1206 1345 1264; x_wconf 89' lang='lat' dir='ltr'>et</span> <span class='ocrx_word' id='word_1_45' title='bbox 1389 1200 1827 1265; x_wconf 85' lang='lat' dir='ltr'>Thessalicum</span> 
     </span>
     <span class='ocr_line' id='line_1_12' title="bbox 676 1288 1831 1373; baseline 0 -19"><span class='ocrx_word' id='word_1_46' title='bbox 676 1290 951 1355; x_wconf 81' lang='lat' dir='ltr'><strong>Thressa</strong></span> <span class='ocrx_word' id='word_1_47' title='bbox 996 1291 1310 1373; x_wconf 89' lang='lat' dir='ltr'>premitur</span> <span class='ocrx_word' id='word_1_48' title='bbox 1354 1288 1582 1352; x_wconf 89' lang='lat' dir='ltr'>Pelion</span> <span class='ocrx_word' id='word_1_49' title='bbox 1629 1288 1831 1354; x_wconf 79' lang='lat' dir='ltr'>Ossa?</span> 
     </span>
     <span class='ocr_line' id='line_1_13' title="bbox 681 1377 1726 1460; baseline -0.001 -17"><span class='ocrx_word' id='word_1_50' title='bbox 681 1380 907 1444; x_wconf 81' lang='lat' dir='ltr'>solitae</span> <span class='ocrx_word' id='word_1_51' title='bbox 954 1377 1178 1441; x_wconf 85' lang='lat' dir='ltr'>mundi</span> <span class='ocrx_word' id='word_1_52' title='bbox 1223 1378 1467 1460; x_wconf 86' lang='lat' dir='ltr'>periere</span> <span class='ocrx_word' id='word_1_53' title='bbox 1513 1378 1726 1442; x_wconf 78' lang='lat' dir='ltr'>vices?</span> 
     </span>
     <span class='ocr_line' id='line_1_14' title="bbox 677 1465 1822 1548; baseline -0.001 -16"><span class='ocrx_word' id='word_1_54' title='bbox 677 1468 843 1532; x_wconf 83' lang='lat' dir='ltr'>nihil</span> <span class='ocrx_word' id='word_1_55' title='bbox 889 1487 1178 1548; x_wconf 82' lang='lat' dir='ltr'>oeoasus,</span> <span class='ocrx_word' id='word_1_56' title='bbox 1223 1465 1388 1529; x_wconf 88' lang='lat' dir='ltr'>nihil</span> <span class='ocrx_word' id='word_1_57' title='bbox 1435 1470 1613 1530; x_wconf 84' lang='lat' dir='ltr'>ortus</span> <span class='ocrx_word' id='word_1_58' title='bbox 1660 1467 1822 1531; x_wconf 77' lang='lat' dir='ltr'>erit?</span> 
     </span>
     <span class='ocr_line' id='line_1_15' title="bbox 680 1554 2392 1639; baseline -0.001 -19"><span class='ocrx_word' id='word_1_59' title='bbox 680 1560 898 1639; x_wconf 86' lang='lat' dir='ltr'>stupet</span> <span class='ocrx_word' id='word_1_60' title='bbox 937 1554 1111 1618; x_wconf 87' lang='lat' dir='ltr'>Eoos</span> <span class='ocrx_word' id='word_1_61' title='bbox 2287 1570 2392 1619; x_wconf 81' lang='lat'>815</span> 
     </span>
     <span class='ocr_line' id='line_1_16' title="bbox 679 1643 1655 1708; baseline -0.003 0"><span class='ocrx_word' id='word_1_62' title='bbox 679 1648 934 1708; x_wconf 86' lang='lat' dir='ltr'>assueta</span> <span class='ocrx_word' id='word_1_63' title='bbox 981 1643 1098 1706; x_wconf 91' lang='lat' dir='ltr'>deo</span> <span class='ocrx_word' id='word_1_64' title='bbox 1146 1643 1395 1707; x_wconf 75' lang='lat' dir='ltr'>tradere</span> <span class='ocrx_word' id='word_1_65' title='bbox 1439 1643 1655 1706; x_wconf 77' lang='lat' dir='ltr'>frenos</span> 
     </span>
     <span class='ocr_line' id='line_1_17' title="bbox 681 1731 1765 1818; baseline -0.003 -22"><span class='ocrx_word' id='word_1_66' title='bbox 681 1733 973 1818; x_wconf 83' lang='lat' dir='ltr'>genetrix</span> <span class='ocrx_word' id='word_1_67' title='bbox 1018 1732 1263 1814; x_wconf 86' lang='lat' dir='ltr'>primae</span> <span class='ocrx_word' id='word_1_68' title='bbox 1307 1731 1559 1794; x_wconf 85' lang='lat' dir='ltr'>roseida</span> <span class='ocrx_word' id='word_1_69' title='bbox 1601 1732 1765 1795; x_wconf 80' lang='lat' dir='ltr'>lucis</span> 
     </span>
     <span class='ocr_line' id='line_1_18' title="bbox 679 1820 1648 1905; baseline -0.001 -21"><span class='ocrx_word' id='word_1_70' title='bbox 679 1842 978 1905; x_wconf 84' lang='lat' dir='ltr'>perversa</span> <span class='ocrx_word' id='word_1_71' title='bbox 1025 1820 1124 1882; x_wconf 87' lang='lat' dir='ltr'>sui</span> <span class='ocrx_word' id='word_1_72' title='bbox 1167 1820 1395 1883; x_wconf 84' lang='lat' dir='ltr'>limina</span> <span class='ocrx_word' id='word_1_73' title='bbox 1438 1821 1648 1904; x_wconf 81' lang='lat' dir='ltr'>regni3</span> 
     </span>
     <span class='ocr_line' id='line_1_19' title="bbox 680 1908 1132 1973; baseline -0.004 -1"><span class='ocrx_word' id='word_1_74' title='bbox 680 1910 885 1973; x_wconf 80' lang='lat' dir='ltr'>nescit</span> <span class='ocrx_word' id='word_1_75' title='bbox 929 1908 1132 1972; x_wconf 86' lang='lat' dir='ltr'>fessos</span> 
     </span>
     <span class='ocr_line' id='line_1_20' title="bbox 680 1995 1770 2083; baseline -0.001 -22"><span class='ocrx_word' id='word_1_76' title='bbox 680 1998 972 2083; x_wconf 87' lang='lat' dir='ltr'>tinguere</span> <span class='ocrx_word' id='word_1_77' title='bbox 1020 2016 1241 2060; x_wconf 83' lang='lat' dir='ltr'>currus</span> <span class='ocrx_word' id='word_1_78' title='bbox 1286 2016 1406 2061; x_wconf 85' lang='lat' dir='ltr'>neo</span> <span class='ocrx_word' id='word_1_79' title='bbox 1450 1995 1770 2061; x_wconf 85' lang='lat' dir='ltr'>fumantes</span> 
     </span>
     <span class='ocr_line' id='line_1_21' title="bbox 685 2085 2392 2171; baseline 0.001 -21"><span class='ocrx_word' id='word_1_80' title='bbox 685 2087 913 2150; x_wconf 85' lang='lat' dir='ltr'>sudore</span> <span class='ocrx_word' id='word_1_81' title='bbox 960 2085 1142 2149; x_wconf 87' lang='lat' dir='ltr'>iubas</span> <span class='ocrx_word' id='word_1_82' title='bbox 1190 2107 1476 2171; x_wconf 86' lang='lat' dir='ltr'>mergere</span> <span class='ocrx_word' id='word_1_83' title='bbox 1522 2091 1741 2168; x_wconf 83' lang='lat' dir='ltr'>ponto.</span> <span class='ocrx_word' id='word_1_84' title='bbox 2287 2103 2392 2151; x_wconf 81' lang='lat'>820</span> 
     </span>
     <span class='ocr_line' id='line_1_22' title="bbox 682 2174 1701 2257; baseline -0.001 -19"><span class='ocrx_word' id='word_1_85' title='bbox 682 2176 819 2257; x_wconf 88' lang='lat' dir='ltr'>ipse</span> <span class='ocrx_word' id='word_1_86' title='bbox 866 2176 1119 2238; x_wconf 84' lang='lat' dir='ltr'>insueto</span> <span class='ocrx_word' id='word_1_87' title='bbox 1166 2196 1372 2238; x_wconf 86' lang='lat' dir='ltr'>novus</span> <span class='ocrx_word' id='word_1_88' title='bbox 1417 2174 1701 2257; x_wconf 86' lang='lat' dir='ltr'>hospitio</span> 
     </span>
     <span class='ocr_line' id='line_1_23' title="bbox 683 2260 1755 2344; baseline 0.001 -18"><span class='ocrx_word' id='word_1_89' title='bbox 683 2260 797 2326; x_wconf 84' lang='lat' dir='ltr'>Sol</span> <span class='ocrx_word' id='word_1_90' title='bbox 841 2261 1159 2326; x_wconf 87' lang='lat' dir='ltr'>Auroram</span> <span class='ocrx_word' id='word_1_91' title='bbox 1206 2262 1380 2327; x_wconf 84' lang='lat' dir='ltr'>videt</span> <span class='ocrx_word' id='word_1_92' title='bbox 1427 2264 1729 2327; x_wconf 78' lang='lat' dir='ltr'>occiduus</span> <span class='ocrx_word' id='word_1_93' title='bbox 1738 2312 1755 2344; x_wconf 89' lang='lat'><em>‚</em></span> 
     </span>
     <span class='ocr_line' id='line_1_24' title="bbox 685 2350 1972 2435; baseline 0 -20"><span class='ocrx_word' id='word_1_94' title='bbox 685 2350 1112 2433; x_wconf 85' lang='lat' dir='ltr'>tenebrasque</span> <span class='ocrx_word' id='word_1_95' title='bbox 1157 2350 1337 2414; x_wconf 89' lang='lat' dir='ltr'>iubet</span> <span class='ocrx_word' id='word_1_96' title='bbox 1384 2372 1640 2435; x_wconf 85' lang='lat' dir='ltr'>surgere</span> <span class='ocrx_word' id='word_1_97' title='bbox 1687 2352 1972 2415; x_wconf 90' lang='lat' dir='ltr'>nondum</span> 
     </span>
     <span class='ocr_line' id='line_1_25' title="bbox 683 2439 1740 2526; baseline 0.001 -24"><span class='ocrx_word' id='word_1_98' title='bbox 683 2442 873 2503; x_wconf 82' lang='lat' dir='ltr'>noete</span> <span class='ocrx_word' id='word_1_99' title='bbox 919 2442 1165 2521; x_wconf 85' lang='lat' dir='ltr'>parata:</span> <span class='ocrx_word' id='word_1_100' title='bbox 1212 2460 1345 2501; x_wconf 92' lang='lat' dir='ltr'>non</span> <span class='ocrx_word' id='word_1_101' title='bbox 1392 2439 1740 2526; x_wconf 80' lang='lat' dir='ltr'>succedunt</span> 
     </span>
     <span class='ocr_line' id='line_1_26' title="bbox 685 2528 2395 2612; baseline 0.001 -21"><span class='ocrx_word' id='word_1_102' title='bbox 685 2530 854 2591; x_wconf 86' lang='lat' dir='ltr'>astra</span> <span class='ocrx_word' id='word_1_103' title='bbox 899 2548 1017 2590; x_wconf 82' lang='lat' dir='ltr'>nee</span> <span class='ocrx_word' id='word_1_104' title='bbox 1062 2528 1197 2590; x_wconf 92' lang='lat' dir='ltr'>ullo</span> <span class='ocrx_word' id='word_1_105' title='bbox 1245 2528 1441 2590; x_wconf 85' lang='lat' dir='ltr'>mioat</span> <span class='ocrx_word' id='word_1_106' title='bbox 1486 2528 1636 2612; x_wconf 89' lang='lat' dir='ltr'>igne</span> <span class='ocrx_word' id='word_1_107' title='bbox 1682 2528 1896 2610; x_wconf 89' lang='lat' dir='ltr'>polus,</span> <span class='ocrx_word' id='word_1_108' title='bbox 2011 2566 2014 2567; x_wconf 28' lang='grc' dir='ltr'><em>ν</em></span> <span class='ocrx_word' id='word_1_109' title='bbox 2291 2543 2395 2592; x_wconf 82' lang='lat'>825</span> 
     </span>
     <span class='ocr_line' id='line_1_27' title="bbox 682 2613 1901 2699; baseline 0 -21"><span class='ocrx_word' id='word_1_110' title='bbox 682 2637 815 2679; x_wconf 91' lang='lat' dir='ltr'>non</span> <span class='ocrx_word' id='word_1_111' title='bbox 857 2613 1041 2677; x_wconf 85' lang='lat' dir='ltr'>Luna</span> <span class='ocrx_word' id='word_1_112' title='bbox 1087 2615 1299 2699; x_wconf 84' lang='lat' dir='ltr'>gravis</span> <span class='ocrx_word' id='word_1_113' title='bbox 1348 2615 1582 2699; x_wconf 84' lang='lat' dir='ltr'>digerit</span> <span class='ocrx_word' id='word_1_114' title='bbox 1624 2616 1901 2679; x_wconf 68' lang='lat' dir='ltr'>umbras</span> 
     </span>
     <span class='ocr_line' id='line_1_28' title="bbox 793 2701 2179 2787; baseline 0.001 -22"><span class='ocrx_word' id='word_1_115' title='bbox 793 2701 916 2766; x_wconf 86' lang='lat' dir='ltr'>Sed</span> <span class='ocrx_word' id='word_1_116' title='bbox 964 2703 1269 2786; x_wconf 84' lang='lat' dir='ltr'>quioquid</span> <span class='ocrx_word' id='word_1_117' title='bbox 1312 2703 1381 2766; x_wconf 87' lang='lat' dir='ltr'>id</span> <span class='ocrx_word' id='word_1_118' title='bbox 1427 2708 1553 2787; x_wconf 84' lang='lat' dir='ltr'>est,</span> <span class='ocrx_word' id='word_1_119' title='bbox 1598 2704 1846 2767; x_wconf 90' lang='lat' dir='ltr'>utinam</span> <span class='ocrx_word' id='word_1_120' title='bbox 1892 2725 2025 2767; x_wconf 86' lang='lat' dir='ltr'>nox</span> <span class='ocrx_word' id='word_1_121' title='bbox 2071 2704 2179 2767; x_wconf 85' lang='lat' dir='ltr'>sit!</span> 
     </span>
     <span class='ocr_line' id='line_1_29' title="bbox 682 2790 1403 2874; baseline 0.003 -21"><span class='ocrx_word' id='word_1_122' title='bbox 682 2790 1033 2874; x_wconf 86' lang='lat' dir='ltr'>trepidant,</span> <span class='ocrx_word' id='word_1_123' title='bbox 1080 2792 1403 2874; x_wconf 87' lang='lat' dir='ltr'>trepidant</span> 
     </span>
     <span class='ocr_line' id='line_1_30' title="bbox 684 2883 1824 2964; baseline 0.001 -22"><span class='ocrx_word' id='word_1_124' title='bbox 684 2883 946 2962; x_wconf 77' lang='lat' dir='ltr'>pectora</span> <span class='ocrx_word' id='word_1_125' title='bbox 991 2901 1227 2964; x_wconf 87' lang='lat' dir='ltr'>magno</span> <span class='ocrx_word' id='word_1_126' title='bbox 1275 2901 1575 2964; x_wconf 84' lang='lat' dir='ltr'>percussa</span> <span class='ocrx_word' id='word_1_127' title='bbox 1621 2884 1824 2944; x_wconf 86' lang='lat' dir='ltr'>metu:</span> 
     </span>
     <span class='ocr_line' id='line_1_31' title="bbox 684 2967 2398 3032; baseline 0.001 -3"><span class='ocrx_word' id='word_1_128' title='bbox 684 2989 764 3030; x_wconf 91' lang='lat' dir='ltr'>ne</span> <span class='ocrx_word' id='word_1_129' title='bbox 810 2967 993 3031; x_wconf 88' lang='lat' dir='ltr'>fatali</span> <span class='ocrx_word' id='word_1_130' title='bbox 1040 2972 1269 3032; x_wconf 75' lang='lat' dir='ltr'>cuneta</span> <span class='ocrx_word' id='word_1_131' title='bbox 1313 2970 1498 3032; x_wconf 88' lang='lat' dir='ltr'>ruina</span> <span class='ocrx_word' id='word_1_132' title='bbox 2291 2983 2398 3032; x_wconf 85' lang='lat'>830</span> 
     </span>
     <span class='ocr_line' id='line_1_32' title="bbox 685 3056 1852 3138; baseline 0.002 -20"><span class='ocrx_word' id='word_1_133' title='bbox 685 3061 984 3137; x_wconf 87' lang='lat' dir='ltr'>quassata</span> <span class='ocrx_word' id='word_1_134' title='bbox 1028 3056 1248 3120; x_wconf 88' lang='lat' dir='ltr'>labent</span> <span class='ocrx_word' id='word_1_135' title='bbox 1292 3058 1654 3138; x_wconf 82' lang='lat' dir='ltr'>iterumque</span> <span class='ocrx_word' id='word_1_136' title='bbox 1702 3057 1852 3120; x_wconf 89' lang='lat' dir='ltr'>deos</span> 
     </span>
     <span class='ocr_line' id='line_1_33' title="bbox 684 3144 1989 3228; baseline 0.002 -22"><span class='ocrx_word' id='word_1_137' title='bbox 684 3144 1105 3226; x_wconf 87' lang='lat' dir='ltr'>hominesque</span> <span class='ocrx_word' id='word_1_138' title='bbox 1150 3150 1400 3228; x_wconf 89' lang='lat' dir='ltr'>premat</span> <span class='ocrx_word' id='word_1_139' title='bbox 1447 3145 1729 3209; x_wconf 84' lang='lat' dir='ltr'>deforme</span> <span class='ocrx_word' id='word_1_140' title='bbox 1775 3145 1989 3227; x_wconf 74' lang='lat' dir='ltr'>chace,</span> 
     </span>
     <span class='ocr_line' id='line_1_34' title="bbox 685 3231 1808 3318; baseline 0.004 -24"><span class='ocrx_word' id='word_1_141' title='bbox 685 3231 919 3295; x_wconf 85' lang='lat' dir='ltr'>iterum</span> <span class='ocrx_word' id='word_1_142' title='bbox 965 3237 1165 3296; x_wconf 86' lang='lat' dir='ltr'>terras</span> <span class='ocrx_word' id='word_1_143' title='bbox 1214 3237 1278 3296; x_wconf 89' lang='lat' dir='ltr'>et</span> <span class='ocrx_word' id='word_1_144' title='bbox 1322 3255 1497 3297; x_wconf 86' lang='lat' dir='ltr'>mare</span> <span class='ocrx_word' id='word_1_145' title='bbox 1545 3234 1808 3318; x_wconf 79' lang='lat' dir='ltr'>cingens</span> 
     </span>
    </p>
   </div>
   <div class='ocr_carea' id='block_1_3' title="bbox 365 3386 2399 3529">
    <p class='ocr_par' dir='ltr' id='par_1_3' title="bbox 365 3386 2399 3529">
     <span class='ocr_line' id='line_1_35' title="bbox 510 3386 2398 3458; baseline 0.003 -20"><span class='ocrx_word' id='word_1_146' title='bbox 510 3391 613 3439; x_wconf 85' lang='grc'>806</span> <span class='ocrx_word' id='word_1_147' title='bbox 650 3386 811 3440; x_wconf 87' lang='lat' dir='ltr'>titius</span> <span class='ocrx_word' id='word_1_148' title='bbox 850 3391 923 3438; x_wconf 66' lang='lat' dir='ltr'>At</span> <span class='ocrx_word' id='word_1_149' title='bbox 958 3391 976 3457; x_wconf 82' lang='grc' dir='ltr'>ΙΙ</span> <span class='ocrx_word' id='word_1_150' title='bbox 1005 3393 1101 3440; x_wconf 87' lang='grc'>810</span> <span class='ocrx_word' id='word_1_151' title='bbox 1137 3389 1378 3443; x_wconf 79' lang='lat' dir='ltr'>seruitur</span> <span class='ocrx_word' id='word_1_152' title='bbox 1412 3395 1455 3441; x_wconf 86' lang='grc' dir='ltr'><strong>Ε</strong></span> <span class='ocrx_word' id='word_1_153' title='bbox 1484 3390 1502 3458; x_wconf 86' lang='grc' dir='ltr'>ΙΙ</span> <span class='ocrx_word' id='word_1_154' title='bbox 1530 3394 1626 3442; x_wconf 83' lang='grc'>813</span> <span class='ocrx_word' id='word_1_155' title='bbox 1664 3396 1715 3444; x_wconf 84' lang='lat' dir='ltr'>et</span> <span class='ocrx_word' id='word_1_156' title='bbox 1752 3395 1847 3442; x_wconf 79' lang='lat'>814</span> <span class='ocrx_word' id='word_1_157' title='bbox 1887 3406 1985 3458; x_wconf 78' lang='lat' dir='ltr'>per</span> <span class='ocrx_word' id='word_1_158' title='bbox 2018 3389 2398 3458; x_wconf 74' lang='lat' dir='ltr'>interroqatio-</span> 
     </span>
     <span class='ocr_line' id='line_1_36' title="bbox 365 3457 2399 3529; baseline 0.002 -21"><span class='ocrx_word' id='word_1_159' title='bbox 365 3472 487 3509; x_wconf 71' lang='lat' dir='ltr'>‘nem</span> <span class='ocrx_word' id='word_1_160' title='bbox 514 3457 810 3522; x_wconf 74' lang='lat' dir='ltr'>efferendos</span> <span class='ocrx_word' id='word_1_161' title='bbox 836 3474 943 3513; x_wconf 79' lang='lat' dir='ltr'>esse</span> <span class='ocrx_word' id='word_1_162' title='bbox 971 3460 1155 3514; x_wconf 78' lang='lat' dir='ltr'>docuit</span> <span class='ocrx_word' id='word_1_163' title='bbox 1183 3461 1268 3514; x_wconf 91' lang='lat' dir='ltr'>M.</span> <span class='ocrx_word' id='word_1_164' title='bbox 1300 3461 1512 3515; x_wconf 62' lang='lat' dir='ltr'>Maller</span> <span class='ocrx_word' id='word_1_165' title='bbox 1541 3461 1642 3514; x_wconf 78' lang='lat' dir='ltr'>Ph.</span> <span class='ocrx_word' id='word_1_166' title='bbox 1667 3478 1727 3529; x_wconf 78' lang='lat' dir='ltr'>p.</span> <span class='ocrx_word' id='word_1_167' title='bbox 1749 3465 1863 3515; x_wconf 82' lang='lat'>270</span> <span class='ocrx_word' id='word_1_168' title='bbox 1888 3463 1907 3529; x_wconf 89' lang='grc' dir='ltr'>ΙΙ</span> <span class='ocrx_word' id='word_1_169' title='bbox 1936 3465 2032 3513; x_wconf 76' lang='grc'>814</span> <span class='ocrx_word' id='word_1_170' title='bbox 2068 3460 2262 3513; x_wconf 84' lang='lat' dir='ltr'>hortus</span> <span class='ocrx_word' id='word_1_171' title='bbox 2299 3465 2342 3511; x_wconf 81' lang='grc' dir='ltr'><strong>Ε</strong></span> <span class='ocrx_word' id='word_1_172' title='bbox 2380 3462 2399 3528; x_wconf 83' lang='grc' dir='ltr'>ΙΙ</span> 
     </span>
    </p>
   </div>
   <div class='ocr_carea' id='block_1_4' title="bbox 368 3526 2400 3649">
    <p class='ocr_par' dir='ltr' id='par_1_4' title="bbox 368 3526 2400 3649">
     <span class='ocr_line' id='line_1_37' title="bbox 370 3526 2400 3649; baseline 0.004 -74"><span class='ocrx_word' id='word_1_173' title='bbox 370 3530 462 3576; x_wconf 89' lang='grc'>818</span> <span class='ocrx_word' id='word_1_174' title='bbox 500 3526 717 3649; x_wconf 59' lang='grc' dir='ltr'>Ιιιὶηίηε,</span> <span class='ocrx_word' id='word_1_175' title='bbox 753 3531 825 3578; x_wconf 80' lang='grc' dir='ltr'>Δτ</span> <span class='ocrx_word' id='word_1_176' title='bbox 869 3531 887 3597; x_wconf 82' lang='grc' dir='ltr'>ΙΙ</span> <span class='ocrx_word' id='word_1_177' title='bbox 934 3534 1038 3582; x_wconf 77' lang='grc'>826</span> <span class='ocrx_word' id='word_1_178' title='bbox 1073 3546 1177 3583; x_wconf 86' lang='lat' dir='ltr'>neo</span> <span class='ocrx_word' id='word_1_179' title='bbox 1215 3534 1261 3581; x_wconf 80' lang='lat' dir='ltr'>A</span> <span class='ocrx_word' id='word_1_180' title='bbox 1292 3533 1299 3599; x_wconf 84' lang='grc' dir='ltr'>Ι</span> <span class='ocrx_word' id='word_1_181' title='bbox 1333 3547 1528 3600; x_wconf 87' lang='lat' dir='ltr'>graves</span> <span class='ocrx_word' id='word_1_182' title='bbox 1567 3535 1613 3582; x_wconf 80' lang='lat' dir='ltr'>A</span> <span class='ocrx_word' id='word_1_183' title='bbox 1652 3534 1671 3600; x_wconf 82' lang='grc' dir='ltr'>ΙΙ</span> <span class='ocrx_word' id='word_1_184' title='bbox 1717 3537 1820 3585; x_wconf 82' lang='grc'>883</span> <span class='ocrx_word' id='word_1_185' title='bbox 1858 3547 2011 3585; x_wconf 89' lang='lat' dir='ltr'>mare</span> <span class='ocrx_word' id='word_1_186' title='bbox 2049 3534 2105 3586; x_wconf 89' lang='lat' dir='ltr'>et</span> <span class='ocrx_word' id='word_1_187' title='bbox 2142 3531 2302 3599; x_wconf 85' lang='lat' dir='ltr'>ignes</span> <span class='ocrx_word' id='word_1_188' title='bbox 2342 3548 2400 3584; x_wconf 89' lang='grc' dir='ltr'><strong>ω</strong></span> 
     </span>
     <span class='ocr_line' id='line_1_38' title="bbox 368 3610 656 3649; baseline 0.007 -2"><span class='ocrx_word' id='word_1_189' title='bbox 368 3610 503 3648; x_wconf 77' lang='lat' dir='ltr'>corr.</span> <span class='ocrx_word' id='word_1_190' title='bbox 598 3612 656 3649; x_wconf 88' lang='lat' dir='ltr'>eo</span> 
     </span>
    </p>
   </div>
  </div>
 </body>
</html>
