2658 4117
999 259 1409 314 PRAEFATIO
2088 262 2217 317 XIX

254 413 587 488 continentur,
623 413 981 472 auctoritate
1019 411 1401 472 diiudicanda
1438 411 1551 471 soli
1588 413 1802 471 aetatis
1840 412 2213 473 differentiae

250 502 451 559 nimium
499 502 808 560 tribuatur.
904 502 1002 560 Sic
1057 503 1215 561 enim
1267 519 1361 560 res
1417 518 1478 559 se
1542 501 1748 576 habet,
1803 504 1871 559 ut
1926 502 2108 562 codex
2158 506 2219 560 Σ

251 607 552 666 quamquam
606 591 812 650 multis
867 591 1136 668 vestigiis
1198 591 1594 664 antiquiorem
1653 591 1862 649 ceteris
1922 592 2214 669 originem

247 678 425 753 prodit,
466 699 530 738 ex
572 681 958 740 vitiosissimo
1006 680 1328 756 exemplari
1375 698 1412 737 a
1454 678 1645 738 scriba
1689 681 1984 739 incurioso
2032 699 2099 739 ac
2136 701 2210 740 ne

249 784 275 822 a
301 768 527 825 novandi
563 768 806 845 quidem
846 768 1093 827 libidine
1129 786 1373 844 prorsus
1416 768 1609 827 alieno
1654 770 2077 845 transscriptus
2115 772 2214 845 sit,

243 858 294 913 ut
345 857 729 916 communibus
799 858 1062 917 omnium
1130 857 1425 916 erroribus
1488 857 1866 932 propriorum
1928 859 2213 917 vitiorum

241 942 366 1002 haud
405 946 607 1024 exigua
651 946 837 1005 moles
887 945 1217 1005 adderetur.
1310 944 1504 1015 Quare
1561 945 1636 1003 ad
1692 948 2010 1024 genuinam
2056 966 2213 1006 com-

236 1034 393 1092 munis
435 1035 742 1111 archetypi
786 1036 1098 1094 lectionem
1150 1034 1629 1112 investigandam
1684 1036 1881 1095 aliena
1938 1055 2047 1111 ope
2093 1056 2212 1095 non

237 1125 396 1195 potest
447 1125 649 1182 careri.
748 1123 912 1184 Haec
967 1127 1166 1183 autem
1218 1144 1365 1182 num
1420 1141 1455 1180 a
1516 1124 1574 1181 Φ
1629 1127 1689 1182 et
1732 1123 1781 1181 L
1836 1125 2212 1199 potissimum

232 1211 447 1285 petenda
495 1213 573 1271 sit
630 1212 826 1287 libris,
881 1214 1055 1272 valde
1112 1212 1345 1287 dubito,
1391 1231 1528 1272 nam
1584 1212 1648 1270 hi
1695 1232 1957 1288 quoque,
2005 1232 2211 1289 quam·
2331 1276 2336 1284 ,

233 1317 377 1372 quam
415 1302 588 1376 paulo
633 1304 840 1360 ceteris
878 1304 1248 1376 vetustioreS,
1287 1303 1631 1361 correctoris
1669 1303 1764 1360 vel
1810 1304 1993 1361 etiam
2028 1305 2211 1361 inter-

228 1387 473 1462 polatoris
516 1410 762 1449 manum
801 1391 963 1449 haud
1007 1409 1144 1450 raro
1179 1392 1343 1467 passi
1383 1392 1535 1449 sunt.
1610 1390 1792 1449 Velut
1836 1411 1889 1449 v.
1930 1392 2011 1450 86
2054 1391 2211 1466 quod

228 1479 271 1534 1.
306 1479 527 1553 praebet
571 1499 711 1539 cum
758 1480 946 1539 altero
992 1480 1342 1554 exemplaris
1384 1480 1441 1536 Φ
1486 1479 1827 1558 apographo
1867 1471 1973 1561 (Q)
2017 1480 2212 1552 fulvos

226 1582 313 1638 pro
358 1584 563 1636 saevo&
624 1587 787 1627 mera
844 1572 934 1627 est
995 1567 1381 1644 interpolatio
1446 1567 1522 1626 ad
1585 1568 1895 1627 vitandam
1948 1567 2222 1627 eiusdem.

225 1655 459 1714 vocabuli
518 1658 944 1734 repetitionem
1007 1657 1370 1735 excogitata3
1445 1657 1516 1715 cf.
1574 1677 1627 1715 v.
1679 1659 1804 1716 392
1872 1659 2028 1716 adsit
2094 1656 2211 1715 (DL

229 1742 331 1800 399
373 1749 578 1804 terram·
635 1746 720 1819 Φ,
775 1746 903 1804 489
965 1747 1253 1820 sapientia
1308 1763 1478 1805 sacra
1528 1744 1671 1820 (DL,
1730 1745 1853 1804 583
1891 1746 2212 1818 permittat

230 1830 328 1888 (DL
367 1834 491 1908 alia,
529 1854 670 1893 cum
708 1833 930 1893 ordinis
964 1837 1034 1893 H
1063 1835 1289 1894 codices
1329 1833 1492 1892 haud
1529 1834 1707 1893 semel
1745 1853 1877 1892 cum
1914 1837 1975 1891 Σ
2007 1836 2212 1893 contra

227 1918 274 1975 Φ
318 1922 399 1979 vel
443 1922 497 1981 L
553 1924 898 2000 conspirent
953 1916 1054 2004 (cf.
1111 1944 1158 1982 e.
1215 1943 1269 2001 g.
1325 1928 1380 1982 v‘.
1431 1925 1587 1997 207,
1645 1925 1802 1997 291,
1858 1922 1984 1981 392
2044 1914 2210 2003 alia).

219 2005 347 2076 Quid
390 2011 542 2087 quod
583 2012 721 2071 Lno
767 2014 914 2089 ipse,
951 2030 1086 2072 cum
1131 2012 1392 2072 codicem
1428 2010 1478 2070 L
1525 2030 1660 2071 cum
1695 2010 1950 2072 Hercule
1987 2009 2211 2072 Oetaeo

219 2100 489 2177 conferret,
515 2103 698 2160 illum
728 2120 964 2178 quoque
995 2098 1086 2160 ‘ut
1111 2104 1176 2159 in
1197 2101 1380 2161 Italia
1406 2096 1741 2178 plerosque'
1769 2105 1897 2161 tam
1921 2102 2208 2161 infectum

212 2187 409 2249 invenit
451 2190 1022 2267 interpolationibus
1070 2184 1159 2272 (et
1204 2193 1553 2251 correcturis
1600 2210 1670 2249 ex
1714 2190 1963 2251 Etrusco
2009 2192 2207 2251 oriun-

212 2270 309 2356 dis)
321 2271 395 2358 *),
420 2282 486 2336 ut
514 2283 719 2339 totum
749 2283 1016 2339 excutere
1047 2299 1259 2356 operae
1286 2281 1546 2356 pretium
1573 2297 1691 2339 non
1720 2279 1957 2339 duceret
1978 2273 2053 2361 (I,
2073 2273 2204 2360 42).

322 2364 505 2435 Quare
554 2388 691 2429 cum
743 2368 887 2427 adeo
935 2371 1209 2445 suspecta
1254 2371 1334 2428 sit
1378 2368 1643 2428 codicum
1686 2369 1744 2426 Φ
1779 2372 1839 2427 et
1871 2368 1921 2426 L
1965 2367 2109 2428 fides
2148 2372 2208 2428 et

207 2458 519 2531 auctoritas,
567 2459 808 2517 vitiosis
854 2452 1208 2534 exemplaris
1245 2462 1306 2516 Σ
1341 2458 1650 2535 scripturis
1686 2456 1941 2517 validior
1975 2457 2207 2517 medela

203 2542 417 2606 aliunde
471 2548 594 2606 erit
648 2547 1192 2623 circumspicienda.
1286 2547 1432 2605 Tale
1486 2550 1686 2606 autem
1740 2545 2066 2605 subsidium
2130 2546 2205 2605 ab

203 2633 270 2691 eis
302 2634 464 2695 libris
504 2635 887 2713 suppeditari
923 2635 1173 2710 videtur,
1203 2654 1350 2711 quos
1389 2654 1425 2693 a
1452 2637 1687 2694 vetusto
1724 2635 1830 2693 illo
1864 2634 2204 2711 exemplari,

200 2720 330 2781 unde
376 2728 433 2783 et
480 2725 920 2783 Trevethianus
968 2723 1147 2784 codex
1193 2728 1254 2783 et
1297 2725 1649 2783 vetustiores
1694 2723 1884 2783 Italae
1929 2724 2201 2782 lectionis

195 2808 310 2868 libri
354 2816 654 2891 originem
706 2811 948 2888 ducunt,
995 2812 1344 2890 repetendos
1398 2830 1520 2871 esse
1571 2831 1751 2889 supra
1800 2811 2201 2871 demonstravi

198 2889 265 2976 (p.
288 2904 359 2959 11
377 2895 514 2983 sq.),
552 2903 693 2961 dico
725 2901 950 2961 codices
979 2901 1457 2979 Rhedigeranum
1489 2894 1697 2983 10**),
1725 2921 1909 2959 unum
1936 2919 2004 2958 ex
2030 2919 2201 2977 prae-

307 3126 351 3194 ²⁸)
393 3125 557 3180 Haec
596 3124 789 3190 verba,
826 3126 891 3177 ut
935 3140 970 3178 a
1007 3123 1385 3192 superioribus
1433 3138 1801 3193 segregarem,
1848 3122 2066 3177 uncinis
2112 3123 2197 3177 in-

187 3192 319 3262 clusi,
354 3198 638 3266 quoniam
673 3195 821 3249 nihil
857 3195 929 3249 ad
965 3195 1110 3249 hanc
1147 3211 1292 3277 quae
1328 3211 1477 3248 nunc
1514 3193 1702 3264 agitur
1737 3210 1853 3248 rem
1890 3193 2123 3249 faciunt.

278 3268 352 3336 **)
405 3268 492 3321 Ex
542 3266 752 3322 ceteris
801 3266 1212 3336 Rhedigerams
1266 3265 1418 3320 solus
1462 3265 1514 3318 R
1534 3271 1599 3319 12
1647 3264 1851 3335 dignus
1899 3267 1984 3319 est
2039 3265 2197 3319 cuius

184 3339 502 3394 mentionem
540 3338 776 3393 faciam.
842 3337 977 3391 Eius
1015 3337 1325 3407 scripturae
1364 3338 1545 3391 denuo
1584 3353 1619 3391 a
1654 3336 1889 3407 Peipero
1930 3339 2195 3391 enotatae

184 3407 230 3459 in
262 3411 451 3465 multis
497 3428 638 3464 cum
673 3408 874 3462 Leonis
914 3411 962 3462 Φ
1009 3409 1381 3463 consentiunt.
1454 3407 1610 3462 Idem
1657 3407 1810 3462 cadit
1845 3408 1905 3460 in
1944 3408 2192 3462 codicem

186 3475 491 3537 Urbinatem
552 3499 611 3535 n.
666 3486 768 3534 355
827 3479 1044 3550 (Peiper
1089 3479 1146 3534 L.
1185 3480 1250 3533 V.
1289 3498 1343 3549 p.
1386 3480 1437 3547 6)
1486 3495 1521 3532 a
1567 3477 1918 3532 Tschiedelio
1972 3478 2195 3548 Peiperi

182 3557 355 3622 rogatu
406 3550 862 3624 diligentissime
913 3559 1040 3605 cum
1085 3550 1332 3606 editione
1377 3549 1853 3604 Weidmanniana
1908 3548 2191 3603 collatum.

185 3618 337 3684 Quare
381 3628 641 3693 uterque
689 3622 759 3692 (R
779 3628 844 3675 12
873 3621 944 3691 U)
989 3622 1060 3675 iis
1105 3622 1264 3675 libris
1312 3622 1764 3675 adnumerandus
1821 3621 1929 3688 est,
1976 3620 2073 3687 qui
2120 3619 2193 3671 ad

1810 3707 1875 3759 b*
