2658 4117
359 272 488 357 306
1002 273 1060 325 L.
1092 272 1375 325 ANNAEI
1412 271 1737 327 SENECAE

359 419 505 501 pius
552 421 664 482 est.
759 433 961 480 CHOR.
1009 414 1115 480 An
1159 418 1331 481 ultra
1376 419 1582 481 maius
1628 422 1740 482 aut
1785 420 2064 484 atrocius
2284 438 2387 486 745

358 510 587 569 natura
631 507 903 589 recipit?
993 523 1202 569 NVNT.
1252 503 1522 570 Sceleris
1568 507 1742 571 hunc
1786 508 1981 572 finem
2029 511 2261 592 putas?

358 595 591 679 gradus
638 598 749 658 est.
847 611 1048 658 CHOR.
1097 592 1266 669 Quid
1310 596 1481 658 ultra
1523 596 1784 696 potuit?
1831 597 2068 661 obiecit
2112 600 2276 663 feris

354 683 652 746 lanianda
697 684 916 746 forsan
962 704 1231 765 corpora
1277 686 1471 766 atque
1517 685 1666 768 igne
1712 686 1959 749 arcuit?

357 789 565 834 NVNT.
614 770 879 835 Vtinam
925 771 1259 835 arcuisset!
1306 794 1387 835 ne
1433 775 1611 856 tegat
1655 774 1913 837 functos
1958 776 2192 838 humus

354 880 472 923 nec
518 859 726 922 solvat
770 860 966 944 ignis!
1013 860 1238 923 avibus
1287 860 1638 943 epulandos
1682 862 1836 925 licet
2283 880 2385 929 750

353 949 632 1029 ferisque
677 949 861 1012 triste
906 948 1217 1031 pabulum
1263 950 1469 1012 saevis
1514 948 1730 1012 trahat
1764 987 1852 994 —

353 1041 577 1100 votum
625 1040 722 1100 est
768 1036 886 1100 sub
934 1038 1059 1100 hoc
1106 1037 1279 1119 quod
1324 1058 1462 1100 esse
1508 1038 1899 1120 supplicium
1946 1040 2134 1103 solet:

353 1129 535 1208 pater
580 1126 937 1208 insepultos
984 1127 1253 1208 spectet!
1302 1146 1341 1187 o
1388 1126 1570 1189 nullo
1619 1126 1825 1190 scelus

354 1214 654 1277 credibile
700 1215 769 1276 in
814 1235 969 1276 aevo
1018 1214 1317 1295 quodque
1362 1214 1704 1296 posteritas
1750 1219 1943 1300 neget
1978 1254 2064 1261 —

353 1306 570 1384 erepta
614 1303 777 1364 vivis
825 1305 973 1364 exta
1016 1302 1386 1384 pectoribus
1432 1305 1718 1366 tremunt
2281 1321 2381 1369 755

353 1391 724 1473 spirantque
768 1410 967 1452 venae
1013 1411 1248 1472 corque
1293 1390 1503 1453 adhuc
1546 1391 1852 1473 pavidum
1899 1393 2072 1476 salit3

352 1483 419 1541 at
465 1479 573 1541 ille
619 1478 813 1541 fibras
860 1481 1094 1541 tractat
1140 1498 1214 1541 ac
1258 1479 1393 1541 fata
1438 1479 1700 1561 inspicit

352 1571 416 1631 et
462 1566 670 1629 adhuc
716 1568 992 1630 calentes
1039 1567 1354 1629 viscerum
1401 1588 1594 1630 venas
1641 1572 1839 1632 notat.

350 1658 696 1757 postquam
742 1655 992 1718 hostiae
1037 1655 1360 1737 placuere,
1407 1676 1665 1719 securus
1712 1661 1897 1721 vacat

350 1746 478 1807 iam
524 1743 740 1806 fratris
787 1744 1020 1826 epulis:
1066 1745 1204 1827 ipse
1250 1744 1528 1807 divisum
1576 1748 1748 1807 secat
2281 1762 2383 1811 760

351 1834 419 1894 111
465 1832 754 1895 membra
800 1852 1059 1914 corpuS‚
1104 1835 1399 1915 amputat
1443 1836 1672 1895 trunco
1719 1837 1906 1896 tenus

350 1942 605 1983 umeros
652 1921 930 2004 patentis
977 1924 1042 1983 et
1084 1920 1473 1984 lacertorum
1519 1942 1759 2002 moras,

351 2009 628 2072 denudat
675 2012 849 2072 artus
896 2009 1090 2073 durus
1138 2012 1329 2091 atque
1377 2030 1521 2073 ossa
1566 2012 1884 2093 amputat3

348 2102 602 2160 tantum
650 2118 761 2160 ora
808 2102 1016 2161 servat
1062 2101 1126 2160 et
1175 2097 1353 2160 datas
1399 2098 1550 2161 fidei
1595 2120 1838 2161 manus.

351 2187 511 2249 haec
555 2185 811 2248 veribus
857 2185 1122 2266 haerent
1168 2186 1412 2249 viscera
1458 2189 1522 2249 et
1566 2186 1758 2249 lentis
1806 2187 1954 2250 data
2279 2203 2379 2251 765

313 2344 316 2349 ,
351 2273 599 2336 stillant
645 2274 938 2355 caminiS,
984 2274 1097 2336 illa
1141 2274 1509 2337 flammatus
1554 2276 1728 2337 latex

350 2365 654 2444 querente
699 2383 858 2424 aeno
907 2364 1118 2425 iactat.
1209 2362 1545 2445 impositas
1593 2362 1785 2446 dapes

348 2451 674 2514 transiluit
719 2450 888 2534 ignis
936 2451 1130 2532 inque
1170 2451 1567 2533 'trepidantes
1612 2451 1793 2514 focos

348 2539 447 2602 bis
494 2542 594 2601 ter
637 2543 927 2623 regestus
975 2543 1039 2602 et
1082 2541 1220 2622 pati
1266 2540 1476 2602 iussus
1523 2560 1771 2602 moram

347 2628 586 2690 invitus
633 2629 827 2690 ardet.
919 2628 1143 2691 stridet
1186 2629 1256 2690 in
1301 2628 1558 2691 veribus
1604 2629 1806 2710 iecur3
2277 2645 2380 2694 770

345 2736 465 2778 nec
507 2715 695 2778 facile
743 2716 977 2797 dicam,
1024 2737 1293 2798 corpora
1340 2738 1423 2778 an
1466 2716 1763 2779 flammae
1809 2717 2015 2800 magis

347 2825 660 2888 gemuere.
754 2805 969 2886 piceos
1016 2805 1185 2888 ignis
1233 2805 1300 2865 in
1344 2804 1559 2866 fumos
1607 2804 1768 2888 abit3

346 2896 411 2955 et
456 2893 594 2974 ipse
638 2893 883 2973 fumus,
928 2893 1131 2955 tristis
1178 2912 1252 2955 ac
1296 2892 1533 2955 nebula
1579 2894 1791 2976 gravis
1801 2941 1819 2974 ,

345 3001 478 3043 non
523 2985 734 3043 rectus
783 2981 914 3044 exit
961 3002 1153 3062 seque
1199 2982 1268 3043 in
1314 2982 1637 3044 excelsum
1682 2981 1880 3044 levat:

344 3071 520 3151 ipsos
567 3072 829 3153 penates
875 3069 1046 3132 nube
1093 3068 1365 3132 deformi
1412 3068 1678 3132 obsidet.
2276 3084 2378 3132 775

487 3265 589 3313 745
628 3260 756 3327 plus
796 3262 882 3314 est
917 3265 963 3312 A
990 3263 1008 3329 ΙΙ
1035 3265 1140 3313 750
1177 3275 1247 3312 ne
1285 3264 1332 3310 A
1358 3263 1376 3328 ΙΙ
1404 3264 1501 3312 751
1537 3259 1730 3312 tradat
1764 3265 1807 3310 Ε
1845 3262 1863 3327 ΙΙ
1901 3264 2002 3312 757
2042 3259 2246 3328 incipit
2281 3267 2324 3312 Ε
2362 3263 2382 3330 ΙΙ

345 3335 443 3381 761
481 3330 790 3384 immenbra
827 3338 870 3383 E
903 3334 910 3399 Ι
942 3330 1196 3384 lancinat
1232 3331 1307 3383 N.
1339 3331 1611 3384 Heinsius
1631 3348 1689 3398 p.
1712 3335 1785 3383 42
1811 3332 1829 3397 ΙΙ
1858 3335 1963 3383 762
1999 3333 2259 3399 patentes
2289 3335 2335 3382 A
2363 3334 2381 3400 ΙΙ

345 3405 448 3452 763
477 3403 577 3454 del.
612 3402 666 3455 Ο.
689 3403 871 3456 Barth
891 3403 1172 3471 (Bentley)
1207 3404 1214 3471 Ι
1249 3400 1402 3453 dirus
1431 3412 1486 3466 ψ
1514 3403 1532 3470 ΙΙ
1561 3406 1662 3453 765
1702 3400 1945 3453 uerubus
1975 3406 2021 3452 A
2056 3404 2125 3467 ef.
2156 3420 2204 3454 v,
2236 3407 2342 3455 770
2361 3405 2379 3472 ΙΙ

346 3475 447 3521 767
481 3472 756 3526 candente
784 3488 923 3525 aeno
942 3479 985 3524 Ε
1015 3474 1083 3538 ef.
1099 3473 1324 3526 Werner
1343 3489 1403 3540 p.
1426 3474 1657 3540 5211768
1689 3472 2027 3539 crepitantes
2051 3484 2107 3537 ψ
2135 3475 2153 3541 Η
2182 3477 2287 3525 769
2314 3475 2383 3525 ut

345 3540 468 3604 pati
496 3543 570 3593 N
590 3543 858 3596 Heinsius
875 3560 934 3611 p.
952 3547 1023 3596 43
1051 3546 1069 3612 ΙΙ
1096 3547 1194 3596 771
1223 3542 1378 3596 dicas
1407 3543 1481 3595 id.
1500 3543 1630 3596 ibid.
1667 3545 1673 3610 Ι
1705 3541 1758 3594 fl
1781 3545 2012 3610 gemant
2039 3546 2085 3593 A
2111 3545 2128 3611 Η
2158 3548 2264 3595 772
2293 3544 2380 3611 pi·

348 3623 475 3660 ceus
504 3615 548 3659 A
576 3612 593 3678 11
621 3616 725 3663 774
762 3612 957 3665 leuans
985 3624 1040 3678 ψ
1069 3615 1087 3682 ΙΙ
1115 3618 1218 3666 775
1250 3614 1462 3681 spissus
1489 3613 1565 3665 N.
1588 3614 1857 3667 Heinsius
1877 3630 1935 3681 p
1958 3616 2029 3666 43
2060 3614 2214 3680 (Oed
2238 3617 2373 3682 326)
