2658 4117
1112 274 1368 328 MEDEA
2131 276 2253 338 121

1072 470 1419 536 OHORVS

591 594 696 660 Ad
739 618 966 681 regum
1013 595 1332 659 thalamos
1378 595 1641 658 numine
1686 616 1992 678 prospero

459 687 570 768 qui
618 686 868 750 caelum
915 685 1129 767 superi
1176 685 1415 766 quique
1458 686 1695 768 regunt
1738 684 1975 746 fretum

458 774 660 837 assint
705 795 851 837 cum
898 773 1155 855 populis
1200 773 1322 835 rite
1368 772 1748 835 faventibus.

455 863 738 946 primum
784 861 1173 944 sceptriferis
1219 860 1388 923 colla
1432 858 1831 923 Tonantibus

455 953 677 1014 taurus
725 951 894 1013 celsa
938 950 1103 1012 ferat
1146 951 1400 1032 tergore
1447 948 1746 1032 candid03
2188 964 2256 1012 60

455 1037 767 1102 Lucinam
811 1038 984 1101 nivei
1028 1037 1269 1100 femina
1314 1036 1601 1119 corporis

456 1128 837 1209 intemptata
883 1126 1036 1210 iugo
1082 1126 1295 1207 placet
1341 1129 1406 1188 et
1451 1125 1660 1207 asperi

455 1213 681 1278 Martis
729 1215 1110 1299 sanguineas
1159 1234 1321 1295 quae
1369 1212 1629 1276 cohibet
1673 1233 1928 1294 manus,

458 1324 618 1384 quae
665 1302 775 1365 dat
820 1301 1145 1386 beHigeris
1191 1300 1451 1364 foedera
1495 1299 1794 1384 gentibus

456 1395 520 1454 et
565 1411 763 1453 cornu
807 1391 1042 1453 retinet
1086 1390 1284 1453 divite
1331 1389 1610 1472 copiam,
2188 1402 2254 1452 65

456 1480 727 1543 donetur
771 1481 990 1542 tenera
1035 1479 1255 1542 mitior
1296 1476 1528 1541 hostia.

458 1571 521 1631 et
565 1571 666 1649 tu,
712 1566 826 1649 qui
869 1566 1117 1630 facibus
1164 1565 1475 1651 legitimis
1522 1564 1698 1646 ades,

455 1658 710 1720 noctem
758 1655 1106 1720 discutiens
1153 1654 1413 1737 auspice
1461 1654 1719 1717 dextera

456 1745 584 1807 huc
629 1743 850 1808 incede
897 1743 1098 1829 gradu
1144 1741 1464 1806 marcidus
1511 1741 1688 1804 ebrio
1698 1789 1716 1822 ‚

453 1832 875 1916 praecingens
920 1852 1104 1895 roseo
1152 1834 1447 1913 tempora
1490 1829 1768 1893 vinculo,
2189 1843 2255 1891 70

456 1925 519 1983 et
564 1925 637 1983 tu
685 1941 874 2002 quae,
920 1920 1162 2005 gemini
1206 1919 1466 2002 praevia
1510 1916 1846 1999 temporis,

455 2008 661 2091 tarde,
708 2008 919 2091 stella,
962 2008 1131 2072 redis
1178 2028 1430 2092 semper
1475 2005 1865 2070 amantibus:

456 2101 519 2161 te
565 2100 828 2179 matres,
875 2097 1057 2161 avide
1103 2100 1168 2160 te
1215 2096 1486 2179 cupiunt
1529 2116 1728 2158 nurus

457 2186 930 2268 quamprimum
974 2184 1187 2248 radios
1235 2205 1533 2268 spargere
1577 2182 1842 2246 lucidos.

704 2360 926 2426 Vincit
970 2361 1297 2445 virgineus
1345 2360 1535 2423 decor
2189 2374 2253 2422 75

703 2451 896 2534 longe
946 2447 1286 2531 Cecropias
1332 2469 1530 2511 nurus
1542 2496 1560 2529 ,

704 2541 768 2601 et
815 2558 973 2619 quas
1019 2535 1292 2621 Taygeti
1342 2536 1510 2620 iugis

704 2629 956 2689 exercet
1001 2626 1303 2688 iuvenum
1351 2623 1544 2687 modo

703 2714 903 2777 muris
951 2712 1124 2795 quod
1170 2716 1343 2778 caret
1389 2712 1730 2795 oppidum,

703 2806 767 2866 et
813 2824 971 2885 quas
1008 2799 1257 2865 Aonius
1302 2802 1477 2864 latex
2187 2814 2255 2862 80

704 2889 1119 2974 Alpheosque
1166 2911 1342 2953 sacer
1384 2889 1574 2952 lavat.

706 3063 777 3129 Si
821 3067 1030 3129 forma
1072 3067 1230 3130 velit
1275 3066 1503 3148 aspici,

703 3154 929 3218 cedent
973 3154 1254 3218 Aesonio
1303 3154 1451 3218 duci

376 3331 447 3378 59
482 3325 699 3394 primus
736 3331 782 3378 A
807 3328 827 3396 ΙΙ
865 3333 926 3380 61
962 3326 1230 3380 feminam
1267 3332 1310 3378 Ε
1339 3330 1453 3395 1173
1493 3326 1692 3380 avidae
1727 3331 1770 3377 Ε
1807 3341 1942 3379 corr.
1981 3325 2047 3378 de
2083 3324 2256 3379 Wila-

227 3398 446 3452 mowitz
491 3399 510 3467 ΙΙ
560 3402 766 3449 75-81
802 3399 962 3453 choro
998 3399 1303 3468 viryinum,
1342 3402 1554 3450 82-92
1592 3399 1875 3462 iuvenum,
1912 3400 1980 3447 93
2001 3412 2109 3459 sqq.
2148 3396 2258 3449 vir-

224 3485 423 3538 ymwm
458 3469 619 3523 choro
648 3469 904 3523 attribuit
931 3469 1176 3539 Bentley
1248 3468 1329 3534 Of.
1361 3469 1475 3523 Leo
1504 3467 2041 3523 MmRhen.1897
2061 3482 2120 3533 p
2152 3469 2254 3520 511

224 3556 278 3592 n.
310 3542 347 3593 3
392 3541 412 3608 ΙΙ
459 3543 528 3590 75
565 3537 708 3592 uicit
742 3544 818 3591 Av
856 3543 990 3606 (eoec.
1020 3544 1067 3589 B
1095 3543 1190 3606 10)
1237 3541 1256 3607 ΙΙ
1304 3545 1372 3591 77
1412 3554 1558 3605 quae
1594 3544 1639 3589 A
1683 3541 1702 3607 11
1756 3544 1824 3590 78
1864 3538 2122 3589 exercent
2158 3541 2204 3588 A
2241 3536 2260 3607 Η

226 3616 287 3662 81
323 3608 694 3678 Alpheusque
730 3614 776 3661 A
802 3610 822 3678 ΙΙ
850 3614 918 3662 82
947 3615 1077 3677 post
1113 3614 1180 3661 88
1218 3614 1264 3661 A
