2658 4117
361 242 491 306 342
1000 242 1058 295 L.
1090 241 1194 295 AN
1195 241 1374 295 NAEI
1411 240 1736 296 SENECAE

678 385 1063 472 gracilisque
1110 386 1312 470 gradu
1359 391 1640 470 serperet
1685 408 1889 469 aequo

675 495 794 538 nec
838 476 1255 558 praecipitem
1303 476 1588 539 volveret
1634 497 1886 539 amnem
2280 490 2388 539 590

677 564 881 628 flavus
927 568 1119 647 rupto
1165 566 1345 628 fonte
1390 564 1766 649 Lycormas3

677 674 795 716 nos
840 652 1160 718 Palladias
1207 653 1299 716 ire
1345 675 1460 735 per
1504 676 1644 717 aras

677 745 742 806 et
786 741 1110 827 virgineos
1158 742 1478 805 celebrare
1516 742 1773 826 choros,

675 851 794 895 nos
841 827 1137 895 Cadmeis
1185 831 1367 915 orgia
1410 831 1575 894 ferre
2351 885 2354 888 ,

675 923 888 983 tecum
937 918 1164 983 solitae
1210 919 1470 982 condita
1514 919 1720 1000 cistis,
2279 933 2386 982 595

676 1028 871 1089 quom
918 1008 1047 1070 iam
1095 1008 1283 1090 pulso
1334 1007 1538 1071 sidere
1584 1008 1848 1072 brumae

673 1096 863 1159 tertia
908 1097 1075 1160 soles
1123 1100 1349 1160 evocat
1395 1098 1603 1159 aestas

674 1187 739 1247 et
783 1184 1116 1265 spiciferae
1163 1205 1464 1247 concessa
1511 1185 1663 1247 deae

673 1270 894 1336 Attica
938 1276 1180 1355 mystas
1228 1271 1432 1336 cludit
1476 1271 1762 1336 Eleusin.

672 1381 845 1424 nunc
891 1381 1147 1443 quoque
1193 1381 1413 1425 casum
1462 1382 1929 1443 quemcumque
1974 1359 2162 1424 times
2172 1409 2189 1442 ,
2278 1375 2382 1423 600

648 1448 832 1512 -fldas
880 1450 1148 1513 comites
1195 1449 1415 1532 accipe
1461 1448 1638 1513 fatis:

672 1558 821 1600 nam
867 1560 1011 1601 rara
1056 1537 1214 1601 fides

671 1626 786 1689 ubi
831 1626 958 1690 iam
1006 1627 1234 1690 melior
1278 1626 1540 1689 fortuna
1584 1626 1732 1689 ruit.

806 1714 905 1778 Tu
953 1716 1341 1797 quicumque
1388 1736 1455 1778 es
1503 1714 1615 1796 qui
1662 1717 1913 1796 sceptra
1956 1718 2162 1795 tenes,

672 1804 826 1868 licet
872 1825 1061 1867 omne
1106 1808 1218 1868 tua
1265 1803 1499 1887 vulgus
1546 1803 1615 1865 in
1661 1803 1808 1866 aula
2257 1816 2379 1865 ·605

676 1897 934 1956 centum
981 1893 1222 1975 pariter
1264 1892 1493 1955 limina
1537 1890 1776 1974 pulset:

672 2000 867 2062 quom
914 1984 1014 2044 tot
1059 1980 1319 2064 populis
1368 1980 1643 2063 stipatus
1690 2001 1823 2062 eas,

671 2069 739 2132 in
783 2073 884 2133 tot
927 2069 1187 2152 populis
1234 2070 1345 2133 vix
1388 2091 1518 2132 una
1562 2069 1736 2132 fides.

669 2161 846 2221 tenet
892 2162 1185 2222 auratum
1232 2159 1432 2221 limen
1478 2156 1714 2240 Eri'r'iys
1725 2207 1742 2238 ,

669 2249 734 2309 et
780 2267 975 2328 quom
1023 2268 1293 2331 magnae
1339 2249 1601 2329 patuere
1646 2245 1843 2329 fores,
2274 2260 2380 2308 610

669 2334 913 2398 intrant
956 2335 1212 2398 fraudes
1258 2335 1557 2417 cautique
1605 2333 1738 2398 doli

670 2422 1037 2506 ferrumque
1082 2425 1315 2506 latens3
1364 2444 1638 2505 cumque
1685 2423 1754 2486 iu
1800 2423 2076 2505 populos

669 2511 925 2594 prodire
971 2534 1186 2595 paras,
1233 2533 1446 2577 comes
1493 2510 1735 2575 invidia
1781 2514 1903 2575 est:

669 2604 924 2665 noctem
972 2602 1269 2683 quotiens
1317 2603 1680 2663 summovet
1724 2598 1885 2682 Eos,

667 2711 885 2774 regem
930 2689 1167 2753 totiens
1214 2689 1450 2752 credite
1496 2688 1690 2751 nasci.
2273 2703 2377 2750 615

667 2778 857 2860 pauci
899 2799 1110 2861 rege8‚
1155 2799 1288 2841 non
1332 2797 1530 2860 regna
1576 2777 1823 2840 colunt:

668 2867 883 2948 plures
928 2868 1146 2951 fulgor
1191 2866 1473 2930 concitat
1516 2865 1725 2945 aulae3

670 2955 850 3037 cupit
893 2954 1001 3020 hic
1044 2955 1184 3040 regi
1229 2954 1561 3037 proximus
1609 2953 1735 3036 ipsi

388 3225 392 3230 ,
491 3170 595 3218 589
631 3165 779 3219 uado
813 3169 858 3215 A
890 3167 898 3232 1
932 3164 1093 3233 seper
1129 3167 1187 3217 et
1223 3170 1266 3216 E
1294 3165 1312 3232 ΙΙ
1342 3168 1440 3215 591
1476 3161 1514 3215 f.
1545 3162 1743 3231 rapido
1772 3167 1818 3214 A
1850 3166 1858 3231 Ι
1890 3163 2061 3230 ponte
2089 3161 2165 3214 N.
2197 3162 2379 3216 Hein-

330 3238 463 3291 sius
482 3252 541 3305 p.
571 3240 680 3290 449
712 3238 719 3304 Ι
751 3236 1031 3304 Lycornas
1059 3241 1102 3288 E
1130 3237 1149 3304 ΙΙ
1177 3239 1282 3287 592
1309 3233 1570 3304 palladas
1597 3239 1640 3285 Β
1667 3235 1687 3302 ΙΙ
1716 3238 1820 3286 596
1856 3249 2031 3299 quum
2057 3238 2100 3284 E
2129 3249 2256 3285 cum
2284 3237 2330 3284 A
2358 3232 2379 3303 ΙΙ

333 3312 452 3360 .·598
491 3306 646 3378 spice
682 3306 799 3362 fere
834 3313 878 3358 B.
932 3309 951 3376 ΙΙ
1007 3310 1111 3358 599
1149 3305 1367 3359 claudit
1403 3303 1619 3358 Eleusis
1657 3309 1703 3356 A
1755 3306 1774 3372 ΙΙ
1829 3308 1934 3356 600
1970 3302 2150 3356 fatum
2197 3304 2378 3369 quod-

342 3393 586 3447 cumque
622 3383 668 3430 A
712 3380 730 3447 ΙΙ
776 3382 880 3431 605
919 3373 1055 3431 au'i‘a
1090 3382 1133 3428 Β
1161 3379 1181 3445 ΙΙ
1217 3382 1319 3429 607
1360 3391 1528 3444 quem
1563 3381 1606 3427 E
1643 3392 1772 3428 cum
1807 3380 1853 3427 A
1884 3376 1894 3442 Ι
1925 3374 2168 3443 stipatus
2188 3405 2255 3414 —
2274 3391 2376 3442 po·

334 3449 496 3518 pulis
525 3465 627 3503 om.
647 3461 704 3514 ψ
725 3450 858 3517 (Vd.
882 3448 1011 3517 Ay.)
1042 3450 1060 3515 ΙΙ
1088 3452 1192 3500 608
1221 3446 1461 3516 populos
1488 3452 1532 3497 Β.
1560 3448 1578 3514 ΙΙ
1606 3450 1711 3498 609
1738 3447 1931 3498 teneat
1948 3451 1992 3496 Β.
2024 3447 2033 3513 Ι
2064 3444 2274 3499 herinis
2294 3450 2337 3496 Β
2356 3444 2377 3516 Η

338 3523 445 3570 mo
483 3535 609 3571 cum
646 3524 691 3570 A
753 3522 771 3587 ΙΙ
835 3523 931 3572 613
970 3521 1176 3586 parant
1222 3536 1277 3572 ω
1323 3534 1459 3572 corr.
1491 3517 1715 3572 Richter
1776 3519 1795 3585 ΙΙ
1858 3521 1955 3568 614
1991 3532 2126 3569 eous
2162 3516 2324 3567 ΕΔ(τ)
2357 3517 2377 3584 ΙΙ

337 3592 443 3640 617
484 3591 757 3642 conuocat
792 3594 838 3641 A
1208 3601 1212 3605 ⁴
