2658 4117
373 228 456 288 14
1015 226 1073 278 L.
1102 224 1388 277 ANNAEI
1427 222 1753 278 SENECAE

369 370 637 435 defende
683 368 893 433 reditu
940 390 1160 452 sospes
1207 372 1321 431 aut
1369 389 1589 432 omnes
1635 368 1838 432 trahe.

371 460 591 523 trahes
637 479 753 522 nec
798 458 970 520 ullus
1017 457 1222 543 eriget
1267 457 1506 521 fractos
1553 456 1726 521 deus,

367 565 578 616 ΑΜΡΗ,
629 546 682 610 Ο
730 545 905 610 socia
948 546 1158 609 nostri
1205 545 1567 630 sanguiniS‚
1615 549 1793 609 casta
1835 545 1961 608 fide

369 657 629 700 servans
676 639 893 698 torum
939 638 1255 717 natosque
1300 634 1695 719 magnanimi
1740 633 2066 717 HerculiS,
2293 651 2399 698 310

367 724 633 787 meliora
677 726 893 787 mente
940 723 1201 806 concipe
1249 726 1443 806 atque
1490 723 1777 786 animum
1824 723 2048 785 excita.

369 812 574 876 aderit
619 812 938 895 profecto,
986 812 1197 895 qualis
1245 834 1323 874 ex
1371 811 1546 876 omni
1592 813 1757 875 solet

371 902 620 978 labore,
667 901 887 964 maior.
980 917 1146 965 MEG.
1211 899 1397 974 Quod
1441 900 1635 963 nimis
1682 900 1901 963 miseri
1947 901 2175 963 volunt

368 990 490 1053 hoc
526 988 714 1052 facile
753 990 1032 1053 credunt.
1125 1007 1338 1052 AMPH.
1385 988 1591 1052 Immo
1637 988 1809 1072 quod
1857 991 2157 1051 metuunt
2202 988 2395 1052 nimis

368 1099 718 1160 numquam
764 1078 1010 1141 moveri
1054 1099 1244 1160 posse
1290 1099 1408 1140 nec
1452 1077 1600 1141 tolli
1645 1081 1903 1160 putant:
2285 1093 2389 1140 315

373 1188 579 1250 prona
625 1169 722 1229 est
768 1166 987 1229 timori
1034 1187 1282 1248 semper
1325 1167 1396 1229 in
1441 1167 1625 1249 peius
1669 1166 1845 1229 fides.

368 1272 530 1318 MEG.
595 1253 943 1318 Demersus
991 1276 1064 1317 ac
1110 1254 1404 1318 defossus
1451 1258 1515 1317 et
1560 1258 1700 1317 toto
1748 1255 2011 1337 insuper

369 1364 714 1427 oppressus
763 1343 915 1407 orbe
964 1365 1156 1425 quam
1200 1343 1371 1406 viam
1419 1344 1498 1406 ad
1546 1364 1809 1426 superos
1856 1342 2094 1406 habet?

368 1449 580 1495 AMPH.
640 1430 842 1505 Quam
890 1434 1045 1495 tunc
1089 1431 1395 1514 habebat,
1451 1453 1596 1495 cum
1651 1454 1766 1514 per
1811 1435 2092 1495 arentem
2140 1431 2395 1516 plagam

369 1525 434 1584 et
480 1521 864 1584 fluctuantes
912 1542 1090 1584 more
1135 1521 1384 1584 turbati
1427 1521 1624 1585 maris
2292 1537 2396 1583 320

369 1609 503 1673 adit
548 1609 819 1672 harenas
865 1608 1095 1691 bisque
1141 1608 1469 1693 discedens
1515 1609 1756 1673 fretum

370 1701 434 1761 et
480 1697 582 1761 bis
629 1718 989 1780 recurrenS‚
1037 1718 1309 1780 cumque
1356 1698 1605 1761 deserta
1649 1701 1788 1760 rate

371 1787 721 1870 deprensus
767 1784 977 1848 haesit
1024 1783 1313 1869 Syrtium
1362 1787 1665 1850 brevibus
1711 1786 1892 1849 vadis

369 1878 434 1938 et
480 1896 696 1958 puppe
739 1875 870 1937 fixa
913 1875 1115 1937 maria
1161 1876 1492 1957 superavit
1536 1876 1747 1958 pedes,

369 1980 532 2027 MEG.
580 1961 813 2045 Iniqua
857 1983 1002 2026 raro
1049 1963 1347 2026 maximis
1393 1963 1744 2027 virtutibus
2292 1979 2394 2026 325

370 2051 632 2115 fortuna
676 2050 908 2136 parcit3
953 2074 1141 2115 nemo
1191 2074 1258 2115 se
1304 2055 1450 2116 tuto
1499 2052 1609 2116 diu
2049 2052 2050 2055 ’

370 2140 673 2224 periculis
721 2140 948 2204 offerre
994 2144 1128 2203 tam
1177 2142 1417 2205 crebris
1462 2145 1707 2225 potest:

372 2251 559 2312 quem
606 2250 793 2310 saepe
834 2229 1074 2292 transit
1119 2251 1335 2312 casuS,
1382 2230 1723 2313 aliquando
1770 2230 2029 2293 invenit.

505 2315 630 2380 Sed
677 2338 817 2381 ecce
868 2339 1093 2381 saevus
1141 2339 1212 2381 ac
1257 2319 1466 2382 minas
1511 2320 1698 2382 vultu
1744 2339 1971 2403 gerens

369 2410 433 2469 et
482 2406 690 2489 qualis
737 2405 950 2469 am‘mo
999 2410 1121 2490 est,
1168 2408 1317 2470 talis
1364 2408 1616 2471 incessu
1661 2408 1838 2471 venit
2292 2409 2396 2470 '330

367 2493 575 2557 aliena
623 2494 845 2557 dextra
892 2501 1142 2579 sceptra
1187 2493 1556 2559 concutiens
1603 2494 1831 2579 Lycus.

372 2599 522 2645 LYC.
570 2582 767 2646 Vrbis
811 2606 1039 2669 regens
1088 2586 1394 2668 opulenta
1439 2583 1781 2648 Thebanae
1826 2585 1969 2647 loca

368 2675 432 2735 et
478 2693 666 2736 omne
714 2672 1021 2755 quicquid
1065 2674 1248 2737 uberi
1294 2674 1497 2758 cingit
1543 2675 1682 2736 solo

370 2761 635 2844 obliqua
678 2760 942 2846 Phocis,
990 2761 1293 2844 quicquid
1340 2760 1628 2825 Ismenos
1672 2762 1870 2846 rigat,

369 2849 676 2932 quicquid
727 2848 1072 2914 Cithaeron
1117 2851 1354 2914 vertice
1401 2851 1652 2914 excelso
1699 2849 1900 2932 videt,
2290 2864 2394 2912 335

369 2937 464 3020 [et
509 2938 663 3002 bina
706 2938 954 3002 findens
1000 2937 1282 3002 Isthmos
1329 2939 1515 3002 exilis
1560 2938 1753 3021 freta]

514 3080 619 3128 309
674 3074 1049 3144 Amphitryon
1104 3076 1332 3145 Megera
1385 3088 1441 3142 ψ
1504 3078 1523 3145 11
1588 3082 1682 3129 313
1738 3075 1890 3144 quod
1946 3079 1998 3145 (o
2054 3092 2120 3129 εει·
2174 3075 2219 3144 i)
2271 3074 2343 3127 13²
2378 3075 2397 3146 Η

368 3150 461 3198 315
503 3145 745 3200 amoveri
783 3152 828 3198 A
872 3149 891 3214 ΙΙ
939 3152 1034 3199 316
1070 3166 1196 3200 nm.
1238 3152 1283 3198 A
1315 3149 1324 3215 Ι
1356 3147 1574 3200 timoris
1612 3151 1696 3213 Σ,
1737 3165 1761 3199 s
1800 3164 1935 3201 eras.
1975 3152 2018 3198 E
2065 3149 2082 3215 ΙΙ
2130 3151 2224 3199 317
2264 3164 2391 3199 unc.

365 3233 465 3270 om.
514 3221 559 3267 A
612 3219 631 3284 11
686 3221 780 3269 318
834 3217 949 3269 vim
993 3218 1112 3286 13¹1
1164 3234 1198 3271 a
1244 3219 1372 3271 add.
1420 3217 1491 3270 ΕΞ
1554 3222 1573 3286 ΙΙ
1637 3223 1732 3270 321
1789 3217 1934 3271 abiit
1979 3216 2106 3269 AE²
2154 3216 2364 3270 aditis·

368 3285 512 3340 adiit
539 3290 601 3339 Σ
624 3289 716 3355 (cf.
740 3288 853 3341 Leo
879 3289 923 3341 Ι
943 3293 1038 3356 18)
1069 3292 1088 3357 ΙΙ
1116 3293 1221 3341 324
1250 3289 1620 3357 superhabuit
1647 3295 1711 3343 ut
1735 3289 1950 3343 videtur
1981 3288 2052 3340 Ε1
2089 3289 2157 3354 cf.
2189 3217 2398 3342 Leooffis

364 3363 552 3411 notam
605 3360 623 3425 ΙΙ
679 3362 784 3410 326
829 3359 1013 3427 parcit
1059 3362 1109 3425 (c
1153 3366 1218 3413 ut
1252 3361 1361 3413 vid.
1401 3376 1536 3414 corr.
1585 3377 1652 3413 ex
1687 3362 1714 3412 t
1750 3359 1934 3428 Ribb.)
1985 3363 1991 3427 1
2042 3362 2179 3427 puto
2227 3361 2279 3426 (o
2328 3375 2395 3411 ex

367 3427 458 3497 e?)
493 3428 566 3479 Ε1
619 3430 638 3495 ΙΙ
695 3433 799 3481 332
835 3427 990 3483 LYC.
1031 3447 1130 3484 om.
1170 3434 1216 3484 A
1258 3432 1265 3497 1
1310 3430 1467 3483 urbis
1505 3447 1571 3484 ex
1608 3430 1774 3483 urbes
1811 3429 1882 3482 Ε2
1926 3432 1944 3498 ΙΙ
2002 3434 2103 3481 333
2141 3428 2314 3481 ubere
2350 3435 2393 3481 E

364 3498 552 3551 uberis
605 3498 784 3567 cingit
838 3499 944 3553 soli
991 3501 1076 3553 Μ.
1117 3501 1331 3555 Μἰἲῑῑεν
1362 3519 1415 3569 p.
1448 3505 1511 3568 8,
1558 3502 1626 3567 cf.
1673 3502 1748 3555 N.
1787 3500 2086 3554 Heinsium
2125 3517 2184 3568 p.
2228 3503 2342 3554 216
2377 3501 2402 3568 n

366 3573 470 3620 335
502 3576 629 3638 post
666 3573 776 3623 336
811 3576 853 3622 Ε
882 3572 900 3638 ΙΙ
929 3574 1032 3624 336
1070 3571 1169 3623 del.
1201 3572 1401 3638 Peiper
