2658 4117
422 254 547 317 126
1064 254 1121 306 L.
1151 253 1435 306 ANNAEI
1473 253 1798 308 SENECAE

416 415 518 462 CR.
558 396 588 460 I
599 449 615 480 ,
655 419 916 481 querere
955 394 1231 462 Colchis
1297 415 1466 461 MED.
1504 396 1748 462 Redeo:
1788 399 1900 480 qui
1934 399 2220 481 advexit,
2256 400 2441 463 ferat.

416 503 517 549 CR.
558 486 706 550 Vox
752 486 1104 550 constituto
1154 507 1293 549 sera
1340 484 1593 549 decreto
1641 487 1833 550 venit.

410 592 577 637 MED.
626 573 749 649 Qui
794 575 1022 638 statuit
1067 574 1310 655 aliquid
1358 578 1538 656 parte
1584 575 1873 638 inaudita
1919 576 2144 657 altera,

412 684 686 745 aequum
732 663 887 726 licet
932 662 1251 745 statuerit,
1297 662 1470 725 haud
1517 684 1757 744 aequus
1802 663 1942 727 fuit.

412 767 514 814 CR.
562 750 839 814 Auditus
889 773 926 813 a
969 754 1033 814 te
1080 749 1259 813 Pelia
1305 751 1695 833 supplicium
1744 752 1938 815 tulit?

410 838 520 902 sed
565 840 725 920 fare,
774 860 1000 902 causae
1048 837 1233 902 detur
1278 840 1573 923 egregiae
1619 841 1818 903 locus.

410 944 576 990 MED.
624 925 905 990 Difficile
953 947 1147 1008 quam
1193 928 1279 990 sit
1323 927 1609 990 animum
1658 928 1738 991 ab
1786 928 1881 991 ira
1928 927 2181 992 flectere

410 1017 538 1078 iam
587 1016 980 1079 concitatum
1027 1036 1349 1097 quamque
1394 1015 1610 1099 regale
1656 1015 1781 1080 hoc
1826 1020 2011 1098 putet

411 1104 676 1185 sceptris
724 1103 1031 1186 superbas
1081 1103 1373 1185 quisquis
1421 1103 1708 1167 admovit
1754 1125 2008 1186 manus,

411 1214 537 1273 qua
584 1192 797 1274 coepit
842 1192 962 1272 ire,
1007 1192 1184 1275 regia
1230 1191 1425 1253 didici
1471 1213 1627 1255 mea.

411 1280 703 1361 quamvis
751 1280 921 1343 enim
969 1279 1091 1342 sim
1139 1278 1317 1343 clade
1365 1279 1726 1342 miseranda
1772 1280 2028 1361 obruta,

409 1368 678 1520 {3335}
723 1367 1514 1537 ffffdssxffssssbffffefffss}
1548 1367 1831 1537 ¹122&ssoe

410 1564 656 1625 avoque
673 1505 947 1606 'clarum
996 1541 1145 1606 Sole
1193 1542 1429 1606 deduxi
1475 1566 1695 1629 genus.

411 1632 859 1713 quodcumque
905 1630 1174 1714 placidis
1221 1630 1496 1695 flexibus
1543 1630 1771 1695 Phasis
1818 1632 1987 1716 rigat

408 1718 780 1801 Pontusque
828 1719 1135 1801 quicquid
1183 1717 1522 1802 Scythicus
1570 1742 1607 1781 a
1652 1724 1833 1803 tergo
1882 1719 2082 1800 videt,

408 1807 801 1890 palustribus
850 1829 976 1890 qua
1021 1808 1223 1871 maria
1269 1808 1645 1871 dulcescunt
1691 1809 1911 1889 aquis„

409 1899 652 1959 armata
697 1897 889 1979 peltis
937 1894 1241 1977 quicquid
1286 1898 1561 1959 exterret
1607 1895 1835 1958 cohors

408 1984 657 2047 inclusa
700 1985 860 2067 ripis
905 1984 1099 2047 vidua
1144 1982 1691 2066 Thermodontiis,

408 2074 534 2137 hoc
582 2094 770 2136 omne
816 2077 1036 2136 noster
1081 2073 1337 2157 genitor
1382 2073 1651 2155 imperio
1698 2074 1880 2158 regit.

409 2182 743 2246 generosa,
788 2160 971 2243 felix,
1020 2160 1243 2224 decore
1288 2162 1493 2246 regali
1538 2165 1766 2243 potens

408 2249 589 2311 fulsi:
636 2249 944 2330 petebant
989 2253 1144 2312 tunc
1190 2271 1368 2312 meos
1416 2249 1735 2313 thalamos
1783 2249 1989 2331 proci,

410 2338 522 2418 qui
566 2357 738 2400 nunc
784 2340 1107 2419 petuntur.
1199 2337 1422 2420 rapida
1468 2339 1727 2401 fortuna
1774 2357 1846 2400 ac
1891 2337 2051 2400 levis

407 2444 838 2506 praecepsque
882 2445 1082 2507 regno
1130 2425 1392 2508 eripuit,
1439 2426 1633 2489 exilio
1682 2424 1873 2488 dedit.

409 2511 657 2575 confide
702 2512 917 2596 regnis
927 2561 944 2593 ,
992 2532 1137 2575 cum
1184 2513 1345 2576 levis
1392 2534 1658 2598 magnas
1706 2535 1859 2596 opes

407 2599 534 2662 huc
579 2599 744 2662 ferat
791 2602 855 2662 et
901 2599 1057 2664 illuc
1103 2621 1286 2663 casus
1323 2638 1412 2646 —
1450 2601 1573 2664 hoc
1618 2623 1803 2686 reges
1849 2600 2091 2664 habent

408 2686 820 2772 magnificum
870 2691 935 2750 et
981 2688 1235 2772 ingens,
1279 2689 1460 2751 nulla
1507 2689 1682 2771 quod
1725 2690 1935 2772 rapiat
1982 2689 2141 2751 dies:

407 2775 707 2858 prodesse
754 2776 1028 2859 miseris,
1075 2777 1398 2858 supplices
1445 2776 1573 2840 fido
1621 2778 1753 2840 lare

407 2868 757 2948 protegere.
851 2864 1060 2927 solum
1107 2864 1233 2928 hoc
1279 2863 1581 2929 Colchico
1628 2885 1827 2948 regno
1875 2866 2102 2947 extuli,

408 2951 597 3015 decus
646 2951 807 3015 illud
854 2952 1079 3036 ingens
1129 2950 1431 3016 Graeciae
1479 2957 1543 3016 et
1587 2953 1809 3015 florem
1859 2953 2182 3034 inclitum,

2333 680 2438 727 200

2332 1120 2439 1168 205

2330 1561 2435 1607 210

2332 2000 2361 2046 2
2371 2001 2436 2047 1-5

2330 2442 2437 2489 220

2329 2881 2433 2927 225

547 3094 671 3141 197⁸
708 3096 757 3143 et
792 3089 918 3141 197¹³
955 3089 1167 3144 duobus
1210 3091 1454 3144 versibus
1488 3096 1535 3141 Β
1585 3091 1593 3158 Ι
1647 3088 1896 3142 cholchis
1935 3096 1976 3141 E
2027 3093 2035 3158 Ι
2087 3090 2279 3143 auexit
2320 3101 2376 3155 ψ
2415 3092 2434 3161 ΙΙ

404 3165 511 3211 200
549 3175 744 3212 aecum
779 3165 826 3210 Β
859 3163 867 3227 Ι
899 3159 1040 3213 haut
1077 3176 1243 3213 aecus
1278 3166 1325 3211 Β
1362 3162 1380 3229 ΙΙ
1415 3165 1514 3213 201
1549 3159 1735 3212 Pelias
1773 3178 1829 3213 ω
1866 3177 2001 3214 corr.
2043 3179 2086 3214 α
2122 3163 2141 3229 ΙΙ
2182 3165 2288 3242 204
2325 3161 2432 3212 hoc

407 3231 715 3353 affl&
736 3232 759 3369 H
781 3234 891 3353 {5³1⁵
899 3230 1380 3371 ἐζαᾷθέὸέίοῗζῗ
1388 3232 1435 3352 ὲ
1452 3230 1927 3372 ἷῖἓῗὲἓέὲίξοὲηἱ
1946 3236 2053 3352 ²2⁰}
2072 3230 2432 3372 „zffflsszfflss

406 3372 432 3421 t
467 3387 574 3423 rae.
616 3387 683 3424 ex
718 3370 740 3422 l
778 3375 864 3437 (ut
890 3372 1025 3438 vid.)
1055 3371 1125 3423 ΕΞ
1158 3376 1165 3440 Ι
1199 3374 1420 3425 exercet
1447 3383 1503 3437 ψ
1530 3374 1550 3440 ΙΙ
1576 3377 1673 3424 218
1711 3374 1833 3425 tum
1860 3377 1963 3422 ΒΔ
1997 3374 2003 3440 Ι
2036 3370 2173 3424 thal.
2204 3370 2313 3423 uiri
2342 3376 2388 3423 A
2416 3374 2435 3440 ΙΙ

407 3444 504 3490 219
541 3443 675 3493 tunc
720 3445 763 3491 Ε
813 3442 821 3508 Ι
870 3441 1072 3493 rabida
1106 3447 1205 3493 ΒΕ
1270 3445 1287 3511 ΙΙ
1351 3447 1458 3495 220
1496 3442 1631 3511 erip.
1674 3446 1731 3496 et
1768 3459 1849 3496 ex.
1891 3448 1988 3495 EA
2039 3445 2046 3509 Ι
2098 3444 2154 3494 et
2191 3458 2291 3495 om.
2330 3447 2377 3492 Β
2414 3443 2434 3513 Η

408 3513 515 3560 226
551 3508 682 3562 illut
715 3515 762 3560 Β
794 3513 801 3577 Ι
836 3510 1104 3565 Graeciae
1142 3512 1332 3565 florem
1369 3518 1416 3563 Β
1453 3512 1667 3582 gloriae
1705 3513 1896 3566 florem
1932 3518 2031 3565 ΕΔ
2068 3529 2201 3566 corr.
2237 3511 2432 3567 Stude-

408 3579 579 3630 mund
613 3581 619 3645 Ι
651 3579 922 3646 inclytum
958 3587 1005 3632 Β
