2658 4117
363 261 489 324 186
997 262 1054 314 L.
1086 260 1368 314 ANNAEI
1406 259 1730 314 SENECAE

359 406 429 469 in
471 406 695 470 limine
740 407 883 489 ipso
930 410 1173 470 maesta
1217 407 1637 471 lamentatio?

360 497 645 578 auspicia
691 496 883 580 digna
929 517 1188 578 prorsus
1234 495 1485 559 inferno
1533 495 1804 577 hospite.

360 602 564 647 NVTR.
613 583 814 647 Tenet
861 584 1253 648 obstinatum
1299 583 1590 648 Phaedra
1636 585 1974 648 consilium
2022 585 2195 648 necis

359 672 673 755 fletusque
719 677 972 737 nostros
1019 675 1263 756 spernit
1307 695 1382 737 ac
1428 673 1623 737 morti
1667 674 1975 736 imminet.
2280 690 2383 738 855

362 778 557 825 THES.
606 760 779 836 Quae
825 784 1015 827 causa
1060 764 1217 827 leti?
1263 763 1493 827 reduce
1540 784 1653 826 cur
1696 763 1969 826 moritur
2013 763 2197 827 viro?

359 867 566 913 NVTR.
612 849 789 915 Haec
833 853 974 936 ipsa
1018 853 1220 916 letum
1268 874 1458 916 causa
1502 855 1825 915 maturum
1871 853 2106 915 attulit.

362 956 556 1003 THES.
603 939 915 1023 Perplexa
960 963 1266 1026 magnum
1312 941 1506 1004 verba
1550 941 1764 1005 nescio
1814 941 1969 1022 quid
2014 944 2258 1025 tegunt.

361 1028 550 1092 effare
598 1034 814 1112 aperte
862 1031 1006 1112 quis
1052 1034 1276 1115 gravet
1320 1034 1600 1094 mentem
1648 1030 1845 1092 dolor.

359 1134 565 1181 NVTR.
611 1116 790 1182 Haut
835 1120 1059 1202 pandit
1103 1120 1248 1203 ulli3
1295 1123 1537 1182 maesta
1583 1122 1896 1182 secretum
1945 1119 2180 1182 occulit
2280 1135 2386 1183 860

359 1208 711 1289 statuitque
757 1229 969 1272 secum
1016 1209 1181 1271 ferre
1228 1229 1356 1290 quo
1402 1208 1675 1271 moritur
1718 1209 1977 1271 malum.

358 1295 487 1358 iam
534 1317 756 1380 perge,
803 1318 1065 1379 quaese,
1110 1318 1332 1381 perge:
1379 1300 1720 1381 properato
1770 1301 1866 1361 est
1913 1318 2090 1380 opus.

362 1401 557 1449 THES.
604 1384 906 1449 Reserate
953 1388 1202 1450 clausos
1248 1387 1410 1471 regii
1456 1390 1673 1470 postes
1719 1386 1888 1449 laris,

528 1614 926 1680 THESEVS
1000 1614 1426 1680 PHAEDRA
1496 1615 1832 1681 NVTRIX
1905 1614 2222 1680 TACITA

495 1738 548 1803 O
597 1741 769 1805 socia
814 1742 1109 1825 thalami,
1159 1743 1357 1806 sicine
1404 1742 1746 1805 adventum
1795 1743 1916 1805 viri

360 1834 425 1893 et
471 1832 738 1912 expetiti
785 1833 1080 1915 coniugis
1128 1833 1378 1895 vultum
1428 1832 1711 1913 excipis?
2281 1845 2385 1893 865

361 1919 517 2001 quin
563 1941 711 1982 ense
755 1921 980 1984 viduas
1028 1921 1351 1985 dexteram
1399 1924 1591 2002 atque
1636 1921 1920 1983 animum
1968 1919 2128 1982 mihi

358 2009 642 2071 restituis
690 2013 754 2073 et
798 2014 863 2074 te
910 2010 1215 2093 quicquid
1261 2033 1294 2074 e
1341 2011 1475 2074 vita
1519 2009 1704 2093 fugat

360 2099 726 2181 expromis?
790 2117 925 2161 'PH
973 2099 1185 2181 Eheu,
1231 2122 1347 2182 per
1391 2100 1487 2164 tui
1535 2103 1857 2183 sceptrum
1903 2098 2159 2182 imperi,

359 2188 766 2270 magnanime
813 2187 1090 2271 Theseu,
1136 2211 1376 2271 perque
1422 2192 1718 2251 natorum
1766 2188 2047 2250 indolem

358 2280 632 2357 tuosque
676 2276 918 2340 reditus
964 2300 1203 2360 perque
1249 2280 1378 2341 iam
1426 2278 1666 2341 cineres
1714 2298 1915 2359 meOS,
2281 2291 2386 2339 870

360 2366 659 2447 permitte
705 2369 995 2429 mortem.
1089 2384 1283 2431 THES.
1337 2366 1540 2430 Causa
1588 2388 1750 2449 quae
1797 2366 1971 2449 cogit
2016 2365 2225 2429 mori?

359 2471 470 2516 PH.
521 2452 589 2517 Si
636 2475 826 2518 causa
869 2456 984 2519 leti
1031 2456 1280 2541 dicitur,
1325 2457 1573 2520 fructus
1620 2457 1804 2538 perit.

363 2560 558 2607 THES.
603 2542 812 2608 Nemo
859 2544 1032 2608 istud
1078 2546 1266 2628 alius,
1314 2569 1416 2609 me
1465 2545 1721 2629 quidem
1769 2549 2065 2627 excepte,
2109 2544 2339 2607 audiet.

360 2650 470 2695 PH.
519 2631 724 2696 Aures
772 2633 1004 2716 pudica
1051 2635 1344 2719 coniugis
1392 2635 1560 2697 solas
1606 2635 1808 2698 timet.

362 2737 556 2785 THES.
604 2721 843 2786 Effare:
888 2724 1018 2786 fido
1065 2728 1323 2808 pectore
1370 2745 1599 2787 arcana
1648 2723 1951 2787 occulam.
2283 2737 2385 2785 875

360 2829 471 2873 PH.
518 2809 739 2874 Alium
788 2812 972 2875 silere
1020 2814 1191 2895 quod
1238 2812 1442 2896 voles»,
1489 2813 1734 2894 primus
1783 2812 1915 2874 sile.

363 2917 558 2970 THES.
604 2899 749 2963 Leti
795 2900 1066 2965 facultas
1113 2903 1292 2964 nulla
1339 2902 1671 2984 continget
1715 2900 1854 2964 tibi.

360 3007 470 3052 PH.
518 2989 687 3053 Mori
732 2992 974 3054 volenti
1023 2991 1201 3054 desse
1247 3012 1421 3062 mors
1468 3011 1819 3071 numquam
1867 2991 2097 3073 potest.

504 3206 607 3253 852
646 3201 704 3254 et
739 3200 933 3255 limine
973 3201 1031 3253 in
1067 3201 1191 3269 ipso
1228 3206 1273 3251 A
1327 3203 1347 3269 ΙΙ
1402 3205 1504 3252 853
1543 3200 1791 3269 hospitia
1828 3218 1884 3254 ω
1921 3216 2056 3254 corr.
2100 3198 2327 3252 Grotius
2369 3199 2388 3267 ΙΙ

364 3278 466 3324 860
505 3275 604 3325 aut
635 3278 677 3323 E
706 3275 724 3341 Η
753 3277 854 3325 863
902 3274 1088 3327 Thesei
1112 3279 1300 3327 notam
1326 3288 1441 3325 non
1465 3273 1570 3337 hic,
1605 3272 1699 3326 sed
1726 3279 1853 3325 ante
1880 3289 1926 3324 v.
1950 3275 2061 3324 864
2082 3270 2261 3339 praef.
2291 3276 2333 3321 E
2376 3270 2382 3339 Ι

361 3343 538 3411 postis
576 3343 722 3397 lares
759 3350 839 3395 At
865 3346 884 3412 Π
913 3349 1018 3397 864
1052 3361 1224 3398 ‘novae
1250 3360 1475 3398 scaenae
1504 3345 1664 3397 inser.
1695 3360 1796 3397 om.
1827 3349 1872 3394 A
1910 3342 2072 3395 Thes.
2102 3341 2260 3394 fedi-a
2287 3352 2342 3405 ψ
2372 3344 2389 3409 ΙΙ

364 3419 466 3466 866
522 3415 775 3467 dextram
830 3422 902 3467 At
964 3418 982 3485 ΙΙ
1046 3421 1146 3468 867
1206 3415 1357 3483 quod
1413 3414 1642 3482 quidem
1698 3431 1727 3467 e
1783 3418 1903 3485 (om.
1951 3416 2009 3484 τ)
2065 3431 2112 3466 v,
2160 3412 2197 3465 f.
2254 3418 2327 3463 At
2371 3414 2389 3480 Η

364 3490 466 3536 868
504 3486 615 3538 heu
650 3491 695 3536 A
722 3487 740 3553 ΙΙ
770 3493 873 3540 872
912 3486 960 3539 si
996 3487 1098 3540 leti
1137 3502 1306 3540 causa
1344 3493 1425 3538 At
1451 3488 1469 3554 ΙΙ
1499 3491 1601 3538 874
1622 3503 1697 3550 sq.
1731 3502 1945 3554 person.
1983 3491 2143 3539 notas
2178 3500 2277 3537 om.
2308 3488 2390 3533 At

364 3572 411 3608 a.
452 3558 685 3623 pudicas
723 3574 767 3610 c.
809 3576 848 3610 S.
888 3559 1088 3611 times?
1126 3564 1171 3609 A
1217 3562 1234 3627 ΙΙ
1281 3564 1382 3610 877
1424 3558 1752 3627 contingnet
1786 3564 1829 3610 E
1859 3560 1888 3626 7ss
1944 3561 2046 3608 878
2084 3570 2389 3622 numquam

364 3642 509 3679 mors
548 3633 592 3678 A
