2658 4117
406 257 532 320 180
1048 258 1109 308 L.
1137 257 1419 309 ANNAEI
1457 256 1781 312 SENECAE

402 404 595 466 finem
642 402 750 465 hic
796 401 1003 464 dolori
1047 401 1240 466 faciet
1284 407 1398 466 aut
1443 404 1612 467 vitae
1660 404 1809 467 dies.
2320 421 2426 470 670

402 492 701 555 miserere
748 491 1021 553 amantis
1058 528 1146 535 -—
1236 509 1419 555 ΗΙΡΡ.
1466 491 1699 577 Magne
1746 498 2048 577 regnator
2093 494 2309 577 deum,

401 586 534 644 tam
581 581 793 643 lentus
839 579 1020 642 audis
1069 580 1349 644 scelera?
1395 585 1529 644 tam
1574 583 1788 645 lentus
1834 582 2055 646 vides?

404 673 468 733 et
514 668 768 751 quando
818 690 1003 731 saeva
1047 669 1295 733 fulmen
1341 671 1593 733 emittes
1639 692 1860 753 manu,

403 758 457 821 si
502 778 674 821 nunc
719 779 1010 820 serenum
1059 757 1196 821 est?
1245 759 1453 822 omnis
1499 759 1814 842 impulsus
1861 764 2005 823 ruat

402 847 623 910 aether
669 850 733 910 et
777 847 933 909 atris
979 847 1258 911 nubibus
1305 848 1540 911 condat
1585 848 1780 930 diem,
2325 864 2428 913 675

403 957 478 1000 ac
523 957 706 999 versa
750 939 920 999 retro
970 936 1175 999 sidera
1222 937 1520 1019 obliquos
1567 942 1762 1022 agant

403 1029 644 1089 retorta
691 1044 928 1088 cursus
1020 1029 1247 1108 tuque,
1293 1025 1608 1089 sidereum
1657 1031 1877 1109 caput,

404 1114 645 1177 radiate
692 1112 909 1195 Titan,
955 1118 1027 1176 tu
1073 1114 1251 1177 nefas
1299 1115 1516 1197 stirpis
1563 1119 1711 1178 tuae

407 1203 775 1286 speculare?
821 1202 1030 1265 lucem
1077 1225 1293 1288 merge
1339 1207 1406 1266 et
1451 1204 1520 1266 in
1564 1204 1859 1267 tenebras
1904 1204 2073 1289 fuge.

407 1313 520 1355 cur
566 1292 812 1373 dextra,
859 1291 1076 1354 divum
1122 1297 1333 1355 rector
1377 1296 1570 1374 atque
1615 1292 1979 1375 hominum,
2025 1298 2211 1357 vacat
2325 1310 2432 1358 680

405 1385 519 1445 tua
564 1400 681 1443 nec
725 1380 989 1444 trisulca
1035 1381 1310 1444 mundus
1358 1382 1630 1445 ardescit
1674 1381 1857 1445 face?

407 1471 476 1533 in
522 1491 624 1532 me
669 1473 849 1551 tona,
896 1491 997 1532 me
1043 1470 1197 1553 fige,
1243 1492 1346 1533 me
1392 1471 1580 1533 velox
1627 1475 1863 1534 cremet

407 1562 765 1623 transactus
812 1559 981 1642 ignis
1022 1597 1103 1603 —
1144 1581 1285 1621 sum
1333 1580 1570 1623 nocens
1581 1609 1598 1641 ‚
1643 1561 1847 1623 merui
1895 1561 2085 1623 mori:

410 1648 624 1731 placui
669 1668 994 1711 novercae.
1088 1648 1319 1733 dignus
1368 1671 1448 1711 en
1494 1649 1731 1731 stupris
1780 1650 1944 1733 ego?

410 1737 760 1818 scelerique
806 1740 987 1799 tanto
1034 1738 1208 1800 visus
1256 1759 1377 1822 ego
1426 1738 1600 1800 solus
1647 1737 1767 1801 tibi
2330 1754 2433 1803 685

413 1826 677 1889 materia
721 1826 971 1889 facilis?
1018 1826 1142 1889 hoc
1186 1849 1367 1890 meus
1414 1827 1648 1890 meruit
1691 1827 1910 1911 rigor?

414 1936 451 1977 o
500 1916 734 1978 scelere
779 1916 1040 1977 vincens
1088 1937 1276 1978 omne
1321 1916 1671 1979 femineum
1719 1932 1920 2000 genus
1930 1966 1946 1997 ‚

414 2004 482 2087 [o
520 2004 726 2067 maius
773 2025 927 2067 ausa
972 2008 1173 2068 matre
1221 2004 1629 2069 monstrifera
1674 2004 1944 2089 malum]

417 2093 736 2177 genetrice
783 2094 987 2175 peior!
1035 2095 1147 2157 illa
1194 2116 1260 2156 se
1304 2098 1558 2158 tantum
1607 2098 1829 2177 stupro

416 2182 906 2263 contaminavit,
953 2186 1016 2244 et
1061 2187 1278 2245 tamen
1323 2184 1591 2246 tacitum
1640 2184 1748 2246 diu
2333 2200 2437 2248 690

417 2271 658 2333 crimen
704 2270 966 2334 biformi
1012 2275 1231 2352 partus
1279 2271 1572 2335 exhibuit
1617 2275 1770 2334 nota

417 2359 751 2440 scelusque
796 2360 1018 2422 matris
1063 2361 1277 2444 arguit
1321 2361 1507 2423 vultu
1551 2363 1718 2424 truci

417 2448 756 2532 ambiguus
804 2448 1014 2512 infans
1053 2486 1136 2494 ——
1176 2450 1286 2512 ille
1332 2454 1397 2513 te
1442 2453 1666 2513 venter
1709 2450 1876 2513 tulit.

419 2559 456 2600 o
502 2541 604 2600 ter
648 2540 997 2619 quaterque
1043 2559 1350 2620 prospero
1396 2539 1532 2602 fato
1580 2538 1713 2601 dati

418 2647 579 2708 quos
625 2626 841 2689 hausit
887 2630 950 2689 et
996 2628 1266 2709 peremit
1311 2631 1376 2690 et
1419 2629 1551 2691 1910
1599 2627 1773 2690 dedit
2333 2643 2435 2690 695

421 2715 638 2778 odium
686 2715 998 2797 dolusque
1038 2753 1120 2760 ——
1161 2717 1432 2801 genitor,
1476 2717 1730 2779 invideo
1775 2716 1925 2779 tibi:

419 2802 722 2867 Colchide
767 2825 1040 2867 noverca
1083 2805 1289 2868 maius
1336 2804 1520 2887 haec,
1566 2806 1771 2868 maius
1818 2806 2058 2867 malum
2106 2809 2218 2868 est.

419 2911 530 2955 PH.
577 2892 664 2956 Et
708 2893 849 2976 ipsa
892 2897 1146 2957 nostrae
1191 2895 1324 2957 fata
1369 2915 1690 2978 cognosco
1739 2895 1991 2958 domus:

418 2982 724 3067 fugienda
767 2982 1073 3067 petimus3
1121 2983 1229 3046 sed
1275 2984 1403 3047 mei
1448 3005 1581 3046 non
1627 3005 1766 3046 sum
1815 2985 2061 3066 potens,

419 3076 484 3136 te
530 3073 634 3135 vel
677 3094 792 3154 per
835 3072 1045 3156 ignes,
1090 3094 1203 3153 per
1248 3094 1422 3135 mare
1470 3072 1763 3135 insanum
1813 3094 2042 3155 sequar
2339 3089 2441 3137 700

562 3263 689 3316 67ιῦ
733 3281 925 3317 PHAED.
973 3280 1180 3333 magna
1224 3271 1266 3316 Ε
1318 3267 1475 3331 (corr.
1516 3265 1587 3318 al.
1626 3269 1721 3332 m.)
1785 3267 1803 3332 ΙΙ
1867 3269 1970 3317 673
2009 3265 2299 3331 ecquando
2345 3283 2389 3318 α
2430 3265 2438 3336 Ι

423 3334 634 3387 emittis
671 3340 714 3386 E
756 3336 974 3402 (probat
1010 3335 1121 3390 Leo
1152 3353 1209 3403 p.
1242 3339 1376 3403 381)
1434 3338 1452 3404 ΙΙ
1506 3340 1610 3389 676
1648 3352 1714 3389 ac
1751 3337 1940 3389 uestra.
1976 3342 2019 3387 E
2066 3338 2085 3404 ΙΙ
2139 3341 2241 3389 677
2282 3336 2441 3404 syde-

422 3406 567 3457 rium
603 3412 646 3458 E
681 3407 701 3474 ΙΙ
738 3411 840 3459 678
879 3406 1099 3459 radiate
1135 3409 1360 3460 tantum
1397 3423 1467 3460 ne
1504 3407 1663 3461 nefas
1700 3414 1742 3459 E
1777 3409 1795 3475 11
1837 3412 1941 3460 682
1978 3407 2038 3459 111
2074 3423 2164 3460 1119
2202 3406 2309 3477 fige
2346 3411 2391 3459 A
2426 3409 2444 3475 ΙΙ

425 3481 529 3528 684
568 3477 770 3544 dignus
809 3493 881 3531 an
918 3483 963 3528 A
990 3480 1009 3545 ΙΙ
1037 3482 1139 3530 688
1177 3480 1277 3532 del.
1316 3480 1491 3533 Bothe
1517 3481 1534 3547 ΙΙ
1563 3483 1659 3531 691
1696 3478 1951 3531 biformis
1988 3484 2033 3529 A
2069 3478 2311 3531 triformi
2346 3484 2389 3530 Ε
2427 3481 2446 3546 ΙΙ

427 3551 531 3597 694
569 3547 677 3599 sati
714 3549 789 3602 N.
822 3549 1090 3603 Heinsius
1128 3566 1186 3616 p.
1219 3554 1294 3602 68
1358 3552 1376 3617 ΙΙ
1439 3555 1542 3602 685
1581 3568 1680 3605 om.
1715 3562 1770 3615 ψ
1803 3553 1811 3618 Ι
1845 3550 1995 3603 ausit
2030 3555 2073 3602 E
2136 3553 2154 3619 ΙΙ
2219 3554 2322 3603 696
2360 3549 2443 3601 111-

426 3615 585 3668 uidet
621 3622 692 3667 Δτ
728 3621 746 3684 ΙΙ
774 3624 876 3672 697
917 3618 1209 3673 cholchide
1244 3627 1287 3673 Ε
1321 3623 1329 3688 Ι
1362 3620 1468 3674 1109
1505 3639 1561 3675 ω
1598 3638 1732 3676 corr.
1763 3622 1837 3674 N.
1869 3621 2139 3675 Heinsius
2168 3638 2225 3688 1³·
2259 3625 2332 3675 68
