2658 4117
351 237 482 302 136
999 237 1059 291 L.
1089 236 1374 290 ANNAEI
1412 236 1734 292 SENECAE

350 399 477 448 IAs.
523 381 844 447 Perimere
892 405 1038 447 cum
1084 387 1148 447 te
1194 384 1390 447 vellet
1434 384 1705 448 infestus
1754 381 1942 466 Cre0,
2269 401 2376 449 490

351 472 634 537 lacrimis
680 473 840 535 meis
887 472 1130 536 evictus
1178 472 1446 535 exilium
1494 470 1684 536 dedit.

350 579 520 625 MED.
566 560 848 625 Poenam
894 561 1228 646 putabam:
1276 583 1511 625 munus
1558 565 1631 625 ut
1676 561 1861 625 video
1909 566 2006 625 est
2049 562 2222 647 fuga.

350 666 477 715 IAS.
524 648 697 713 Dum
743 650 896 714 licet
941 650 1143 732 abire,
1188 649 1461 736 profuge
1506 655 1697 732 teque
1743 650 1896 714 hinc
1940 651 2141 734 eripe:

351 739 564 825 gravis
609 739 706 802 ira
748 760 974 824 regum
1021 743 1120 803 est
1165 761 1431 822 semper.
1520 755 1686 802 MED.
1733 738 1877 804 Hoc
1923 741 2149 805 suades
2195 740 2376 823 mihi,

349 832 634 912 praestas
682 825 979 893 Creusae:
1025 827 1336 911 paelicem
1382 828 1654 893 invisam
1701 849 1973 893 amoves.
2269 844 2374 893 495

349 933 475 981 IAS.
521 916 749 981 Medea
794 938 1042 982 amores
1089 916 1332 981 obicit?
1414 934 1583 980 MED.
1629 915 1718 981 Et
1762 916 2018 982 caedem
2065 922 2130 982 et
2176 916 2374 982 dolos.

352 1022 477 1070 IAS.
527 1003 795 1070 Obicere
841 1005 1100 1069 tandem
1149 1005 1321 1088 quod
1367 1010 1552 1088 potes
1598 1006 1841 1071 crimen
1887 1006 2091 1071 mihi?

349 1112 519 1159 MED.
567 1093 1027 1178 Quodcumque
1054 1094 1195 1159 feci.
1271 1111 1399 1158 IAs.
1435 1094 1663 1159 Restat
1697 1094 1822 1159 hoc
1856 1118 2058 1159 unum
2096 1096 2376 1178 insuper,

349 1184 479 1248 tuis
525 1188 599 1248 ut
643 1184 838 1248 etiam
885 1184 1230 1248 sceleribus
1274 1183 1428 1246 fiam
1473 1204 1727 1248 nocens.

350 1290 517 1337 MED.
565 1272 705 1336 Tua
749 1272 889 1355 illa,
934 1275 1047 1336 tua
1093 1276 1244 1336 sunt
1286 1271 1426 1336 illa:
1475 1273 1580 1337 cui
1624 1273 1888 1355 prodest
1931 1275 2137 1338 scelus
2270 1289 2375 1338 500

348 1363 404 1426 is
449 1362 606 1426 fecit
641 1398 726 1408 —
766 1382 985 1425 omnes
1032 1361 1373 1446 coniugem
1421 1361 1726 1425 infamem
1771 1367 2072 1448 arguant,

352 1451 528 1516 solus
575 1453 780 1534 tuere,
827 1451 1002 1515 solus
1049 1451 1370 1514 insontem
1416 1471 1605 1515 voca:

351 1539 476 1603 tibi
521 1539 828 1604 innocens
876 1540 961 1603 sit
1009 1539 1300 1622 quisquis
1349 1543 1445 1604 est
1491 1559 1608 1622 pro
1654 1542 1719 1603 te
1764 1561 2019 1604 nocens.

350 1645 476 1692 IAS.
522 1625 786 1713 Ingrata
829 1628 964 1692 vita
1009 1632 1107 1692 est
1153 1629 1336 1693 cuius
1384 1632 1680 1712 acceptae
1724 1629 1939 1712 pudet.

350 1734 518 1782 MED.
566 1717 928 1781 Retinenda
971 1739 1104 1781 non
1150 1721 1249 1782 est
1294 1718 1476 1782 cuius
1524 1722 1820 1801 acceptae
1865 1718 2081 1802 pudet.
2271 1733 2375 1783 505

351 1822 476 1870 IAS.
525 1805 694 1881 Quin
738 1807 955 1890 potius
1004 1807 1099 1870 ira
1144 1807 1469 1871 concitum
1516 1811 1739 1889 pectus
1787 1806 2003 1891 doma,

351 1896 605 1979 placare
650 1896 837 1961 natis
929 1912 1097 1959 MED.
1145 1892 1396 1959 Abdico
1445 1895 1622 1960 eiuro
1672 1896 1883 1960 abnuo
1932 1930 2017 1941 -—

351 1985 510 2048 meis
558 1981 797 2049 Creusa
840 1984 1061 2048 liberis
1107 1983 1336 2048 fratres
1383 1983 1604 2048 dabit?

351 2090 477 2138 IAS.
524 2072 775 2159 Regina
819 2075 989 2138 natis
1036 2073 1324 2156 exulum,
1371 2072 1629 2137 afflictis
1675 2078 1919 2155 potens.

353 2179 519 2225 MED.
567 2159 668 2226 Ne
705 2162 922 2226 veniat
956 2183 1263 2244 umquam
1310 2166 1444 2225 tam
1482 2163 1689 2225 malus
1726 2162 1978 2226 miseris
2016 2161 2179 2244 dies,
2270 2177 2374 2226 510

352 2250 939 2422 ssssiosstihnefffl?
969 2251 1251 2403 Ἐῗίῧθῗὲ
1278 2251 1879 2423 ῗὲὲὲῗῖιοᾷἓῗωω·

351 2444 479 2492 IAS.
526 2426 721 2511 Quid,
755 2361 1024 2511 1misera,
1070 2361 1298 2510 nyigque
1344 2430 1535 2511 teque
1584 2429 1652 2491 in
1697 2428 1965 2491 exitium
2011 2427 2257 2492 trahis?

353 2516 623 2581 abscede
670 2537 923 2599 quaeso,
1014 2534 1181 2580 MED.
1231 2514 1602 2600 Supplicem
1649 2516 1895 2580 audivit
1941 2514 2121 2581 Creo.

351 2622 478 2669 1AS.
527 2604 694 2680 Quid
738 2606 945 2669 facere
991 2605 1264 2688 possim,
1311 2606 1591 2688 loquere.
1684 2623 1851 2669 MED.
1897 2604 2022 2669 Pro
2069 2605 2216 2670 me?
2272 2607 2376 2671 vel

1846 2695 2067 2759 scelus.
2270 2711 2373 2760 515

353 2799 478 2846 IAS.
516 2781 689 2846 Hinc
714 2805 827 2846 rex
855 2786 920 2847 et
946 2782 1127 2852 illinc
1148 2821 1235 2830 -—
1295 2801 1463 2848 MED.
1503 2783 1625 2847 Est
1654 2780 1679 2859 ζ
1682 2787 1747 2846 et
1772 2782 1879 2847 hic
1906 2785 2111 2849 maior
2137 2782 2373 2870 metus)

352 2871 592 2936 Medea.
675 2894 792 2936 nos
838 2872 1246 2959 †confligere.
1331 2877 1643 2937 certemus
1692 2873 1853 2957 sine,

354 2962 439 3025 sit
484 2961 788 3054 pretium‘
808 2959 1013 3026 Iason.
1105 2978 1231 3026 IAS.
1283 2960 1454 3025 Cedo
1502 2961 1786 3026 defessus
1834 2962 2036 3026 malis.

496 3175 601 3223 498
629 3187 809 3225 mores
838 3177 880 3223 E
906 3170 911 3241 1
936 3170 1112 3226 obicis
1140 3183 1195 3237 ψ
1223 3175 1243 3239 11
1268 3176 1373 3224 497
1404 3174 1593 3240 potest
1618 3178 1661 3224 E
1687 3172 1693 3243 Ι
1720 3171 1928 3225 crimen
1957 3172 2107 3239 quod
2136 3190 2189 3241 p.
2214 3175 2254 3225 t.
2285 3177 2331 3224 A
2358 3174 2379 3241 11

356 3246 453 3294 501
492 3244 706 3295 sontem
754 3245 812 3296 et
855 3243 937 3300 vel
984 3240 1306 3296 Colchidem
1353 3244 1586 3313 Bentley
1638 3245 1656 3311 11
1711 3248 1813 3295 507
1853 3243 2049 3298 abiuro
2092 3245 2325 3313 Bentley
2358 3246 2378 3313 11

356 3316 460 3364 509
500 3312 728 3367 Medeae
761 3314 1119 3368 continuatur
1154 3324 1210 3378 ψ
1238 3316 1256 3382 ΙΙ
1285 3318 1382 3365 510
1419 3331 1530 3367 non
1566 3318 1613 3366 A
1649 3315 1718 3379 cf.
1751 3315 1973 3368 Richter
2007 3316 2172 3384 symb.
2197 3332 2255 3383 p.
2289 3319 2325 3368 6
2364 3314 2373 3386 1

354 3381 519 3437 malis
556 3383 628 3435 ΕΙ
663 3401 797 3439 corr.
827 3383 899 3437 κ’
926 3388 943 3451 11
972 3389 1070 3437 512
1107 3384 1355 3453 siscyphi
1383 3390 1426 3436 Ε
1463 3401 1672 3439 versum
1707 3386 1807 3438 del.
1839 3386 2063 3440 Richter
2088 3388 2108 3454 11
2137 3391 2232 3439 513
2263 3386 2379 3439 exi-

354 3452 495 3505 lium
533 3470 589 3507 ω
625 3471 760 3508 corr.
793 3457 1007 3522 α11516
1044 3455 1145 3509 Est
1181 3457 1238 3508 et
1274 3455 1363 3508 his
1401 3472 1457 3510 ω
1493 3473 1627 3511 corr.
1661 3456 1744 3509 M.
1771 3457 1982 3511 Muller
2009 3458 2110 3511 Ph.
2130 3461 2323 3525 p.265
2357 3459 2378 3526 11

355 3540 435 3577 vv.
477 3528 770 3576 516—520
809 3527 1186 3592 interpolatori
1229 3528 1543 3582 tm'bnendos
1586 3542 1694 3581 esse
1738 3529 1933 3582 statuit
1968 3529 2082 3583 Leo
2115 3530 2189 3581 11
2215 3532 2324 3582 379
2359 3531 2379 3597 1

358 3598 452 3646 517
492 3593 726 3662 conflige
763 3613 806 3648 a
845 3612 971 3647 cum
1006 3612 1137 3666 rege
1173 3598 1444 3652 Bitclaeler
