2658 4117
1033 271 1445 328 PRAEFATIO
2072 272 2252 326 XXIX

352 421 556 491 Quid?
604 423 763 499 quod
803 424 984 482 etiam
1021 423 1256 482 saeculo
1298 422 1522 482 decimo
1569 424 1746 482 tertio
1792 422 1833 480 J
1834 422 2091 482 ohannes
2128 422 2251 482 An-

208 513 410 590 glicus
459 512 531 570 de
579 511 906 571 Garlandia
953 503 1219 592 (Oloetta
1262 511 1445 571 Beitr.
1485 532 1530 569 z.
1560 511 1945 590 Litteraturg.
1986 511 2039 570 d.
2069 511 2147 569 Μ.
2177 512 2249 571 A.

209 622 271 658 u.
332 601 388 658 d.
446 600 591 659 Ren.
646 600 826 661 Halle
865 621 916 660 a.
957 600 1010 658 d.
1043 593 1103 659 S.
1148 601 1318 660 1890
1366 601 1398 659 Ι
1441 621 1497 677 p.
1541 602 1620 659 15
1670 621 1726 659 n.
1768 593 1835 681 2)
1897 603 1981 660 sic
2043 601 2251 660 refert:

213 685 233 711 ‘
250 692 433 749 unica
493 707 633 749 vero
693 689 1004 767 tragoedia
1067 691 1290 765 scripta
1355 690 1472 747 fuit
1534 690 1834 766 quondam
1897 690 1971 749 ab
2038 688 2251 750 Ovidio

214 779 382 854 apud
426 778 677 838 Latinos
715 798 831 855 que
867 779 1102 854 sepulta
1147 779 1255 837 sub
1293 779 1532 838 silentio
1578 798 1698 839 non
1734 780 1900 838 venit
1935 781 1998 838 in
2035 773 2249 841 usum.'
2275 819 2294 836 .

216 866 601 943 Quamquam
654 869 719 925 in
769 867 950 927 Italia
1005 869 1268 945 tragicae
1322 869 1517 944 poesis
1561 867 1922 928 Annaeanae
1966 869 2251 928 memoria

216 975 340 1015 non
389 958 583 1015 omnis
631 957 890 1016 evanuit.
981 956 1175 1015 Huius
1227 956 1316 1015 rei
1373 955 1488 1015 duo
1544 958 1750 1016 extant
1800 957 2168 1033 documenta,
2215 976 2253 1017 a

214 1045 472 1121 Peipero
518 1045 583 1103 in
628 1045 820 1104 lucem
864 1046 1105 1122 prolata
1148 1045 1319 1104 haec:

363 1153 463 1210 16.
510 1151 874 1229 Eugenius
929 1151 1324 1230 Vulgarius
1380 1152 1626 1211 clericus
1681 1152 1894 1211 Italiae
1954 1152 2249 1213 inferioris

215 1242 286 1298 in
324 1240 687 1299 carminibus
716 1243 778 1298 et
805 1241 1071 1317 epistolis
1107 1240 1184 1299 ad
1211 1238 1485 1318 Sergium
1519 1260 1740 1317 papam
1768 1242 2004 1318 scriptis
2031 1242 2251 1301 multos

217 1331 384 1390 locos
432 1348 504 1388 ex
552 1328 807 1388 Senecae
851 1329 1175 1408 tragoediis
1212 1330 1554 1407 desumptos
1600 1331 1664 1388 in
1700 1348 1873 1389 suum
1908 1349 2080 1389 usum
2115 1349 2250 1391 con-

217 1420 426 1477 vertit.
521 1416 759 1494 Scripta
811 1417 1089 1496 Vulgarii
1143 1437 1175 1477 e
1231 1419 1427 1478 codice
1474 1418 1897 1497 Bambergensi
1951 1419 2138 1478 edidit
2182 1420 2250 1478 Ε.

219 1507 536 1566 Diimmler
607 1508 669 1565 in
742 1507 896 1566 libro
960 1509 1064 1583 qui
1131 1506 1503 1567 inscribitur:
1575 1507 1853 1568 Auxilius
1919 1508 2041 1567 und
2105 1508 2251 1567 Vul-

221 1599 444 1673 garius.
565 1594 813 1664 Quellen
876 1596 997 1654 und
1065 1595 1485 1674 Forschungen
1562 1617 1664 1655 zur
1736 1595 2081 1657 Geschichte
2150 1597 2249 1656 des

222 1685 573 1760 Papsttums
608 1687 697 1743 im
733 1685 976 1762 Anfang
1010 1685 1113 1744 des
1157 1687 1254 1744 10.
1285 1685 1738 1762 JahrhundertS,
1773 1686 2019 1763 Leipzig
2062 1687 2248 1746 1866.

223 1774 589 1851 Tragoedias
644 1774 924 1832 clericum
981 1773 1268 1850 expilasse
1324 1778 1386 1833 et
1431 1776 1754 1851 exemplari
1797 1776 2152 1835 recensionis
2198 1775 2248 1833 E

225 1881 405 1920 usum
458 1880 577 1922 esse
633 1863 838 1922 docuit
890 1861 1104 1939 Peiper
1157 1863 1247 1922 De
1303 1861 1436 1922 Sen.
1487 1867 1638 1941 trag.
1685 1863 1725 1921 l.
1771 1883 1826 1922 v.
1872 1885 1928 1941 p.
1973 1865 2248 1923 14-16,

228 1949 316 2009 Cf.
364 1950 608 2010 Richter
650 1951 805 2010 Krit.
852 1951 1224 2011 Untersuohs
1245 1966 1301 2028 p'.
1346 1953 1380 2010 6
1403 1970 1447 2011 s.

367 2061 465 2117 17.
512 2057 647 2119 Uno
684 2058 919 2119 saeculo
956 2062 1092 2138 post
1129 2058 1390 2119 codicem
1429 2058 1683 2119 Senecae
1718 2057 2055 2138 tragoedias
2094 2078 2249 2119 com-

225 2148 584 2224 plectentem
615 2150 678 2206 in
717 2149 1155 2208 monasterio
1184 2147 1657 2225 Pomposiano
1693 2168 1877 2226 prope
1905 2149 2251 2208 Ravennam

226 2237 342 2296 sito
390 2238 657 2297 extitisse
701 2236 993 2297 Henricus
1050 2238 1293 2296 clericus
1349 2240 1413 2296 in
1463 2238 1734 2316 catalogo
1789 2233 2075 2297 librorum
2125 2239 2249 2297 eius

225 2327 576 2384 monasterii
622 2344 673 2383 a.
717 2327 885 2386 1093
936 2328 1156 2402 scripto
1211 2329 1350 2402 post
1404 2328 1684 2403 epistolas
1732 2326 1985 2387 Senecae
2041 2326 2249 2387 libros-

229 2432 341 2490 que
390 2414 462 2473 de
506 2413 804 2475 beneficiis
853 2414 1116 2490 aliosque
1162 2418 1426 2475 recenset
1470 2410 1488 2439 ‘
1503 2415 1764 2475 eiusdem
1809 2415 2250 2494 tragoediarum

223 2497 573 2650 ἷζοΙιῐιἹΜΘΕΊ
612 2501 700 2671 (ξ
739 2502 951 2579 Peiper
988 2502 1195 2580 Suppl.
1233 2525 1289 2581 p.
1322 2506 1421 2579 36,
1460 2505 1745 2564 Manitius
1781 2525 1839 2581 p.
1869 2507 1971 2581 48,
2008 2505 2250 2565 Richter

282 2640 295 2651 .
397 2637 409 2649 .
446 2612 504 2667 p.
592 2610 635 2650 s.

366 2699 465 2757 18.
525 2695 752 2758 Guido
807 2699 888 2758 de
940 2697 1290 2758 Bazochis
1347 2703 1523 2758 natus
1578 2703 1715 2760 ante
1762 2719 1813 2759 a.
1866 2702 2053 2774 1146,
2110 2702 2248 2758 ante

225 2806 277 2845 a.
310 2788 485 2846 1203
524 2789 810 2862 mortuus,
850 2789 916 2846 in
951 2786 1273 2865 Apologia:
1326 2782 1457 2847 ‘nec
1493 2791 1562 2847 ut
1608 2790 1694 2848 ait
1729 2791 1792 2847 in
1836 2788 2089 2848 Hercule
2126 2791 2246 2847 tra·

225 2876 358 2954 gico
409 2873 660 2935 Seneca:

369 3133 419 3202 ⁸)
456 3131 670 3187 Eodem
706 3132 823 3187 fere
859 3135 1110 3203 tempore
1149 3133 1382 3188 clericus
1419 3133 1652 3201 quidam
1688 3134 1758 3188 de
1793 3133 2092 3188 Leodiensi
2136 3134 2249 3188 dis-

225 3203 445 3273 ciplina
478 3204 763 3273 profectus
802 3220 1024 3258 carmen
1045 3205 1382 3288 ‘compos-uit·
1406 3205 1477 3287 de
1513 3205 1877 3289 investiturae
1919 3205 2020 3287 lite
2053 3206 2250 3288 Leodii

224 3274 1099 3427 xanfflaassffifffforffi
1136 3276 1578 3414 θὲοέἒὲἐξέἒῖἑῗθ
1600 3278 2248 3404 ..ἓῗέὲὲωῗὲδὸαῖῖᾞῗ

226 3418 384 3471 censi
429 3417 676 3485 quodam
720 3416 865 3471 libro
908 3433 942 3471 a
980 3418 1065 3472 M.
1105 3419 1381 3473 Haure'au
1426 3418 1676 3487 (Notices
1721 3422 1778 3474 et
1822 3420 2071 3476 Extraits
2110 3427 2194 3488 31,
2216 3426 2248 3474 2

226 3489 419 3560 [1886]
457 3506 512 3557 p.
537 3493 637 3542 172
655 3490 797 3558 sqq.)
846 3488 911 3541 In
948 3504 1013 3543 eo
1053 3490 1297 3544 carmine
1333 3489 1574 3559 vestigia
1611 3491 1889 3558 quaedam
1935 3495 1992 3546 et
2036 3491 2249 3546 indicia

226 3575 293 3613 eo
324 3559 544 3627 ducere,
564 3561 630 3613 ut
658 3558 901 3615 Senecae
929 3561 1250 3629 tragoedias
1271 3560 1487 3616 auctori
1512 3562 1765 3631 cognitas
1793 3561 1965 3615 fuisse
1985 3561 2247 3630 colligere

224 3629 428 3699 possis,
468 3630 845 3685 demonstravi
880 3630 946 3684 K.
967 3631 1031 3685 U.
1053 3650 1108 3701 p.
1129 3636 1161 3684 8
1180 3649 1233 3686 n.
1259 3639 1308 3687 1.
