2658 4117
373 247 505 311 340
1023 247 1081 299 L.
1112 245 1396 299 ANNAEI
1433 245 1761 301 SENECAE

372 397 652 456 mentem
699 415 814 476 per
859 395 1034 455 artus
1081 391 1267 454 adeat
1313 395 1378 454 et
1422 392 1691 455 tacitum
1739 395 1959 454 means

373 483 568 545 intret
615 481 944 544 medullas.
1037 498 1195 542 NVT.
1244 477 1440 544 Ocius
1487 480 1661 543 iussa
1706 501 2001 561 exequar,

373 571 658 652 alumna,
702 569 1001 652 precibus
1046 572 1121 631 tu
1168 567 1358 631 deum
1405 569 1717 632 invictum
1764 570 2035 650 advoca,

373 659 486 741 qui
533 662 705 722 certa
749 662 969 721 tenera
1011 658 1142 720 tela
1187 657 1458 720 dimittit
1503 679 1715 720 manu.
2296 672 2404 720 540

372 764 514 809 DEI.
560 746 651 809 Te
699 745 1021 830 deprecor,
1067 767 1258 828 quem
1305 745 1582 808 mundus
1629 749 1693 809 et
1739 746 1955 828 superi
1998 745 2232 808 timent

373 840 439 897 et
485 856 724 917 aequor
770 839 833 898 et
880 835 994 917 qui
1037 835 1285 897 fulmen
1321 831 1680 897 Aetnaeum
1728 834 1963 916 quatit,

371 922 652 986 timende
699 924 893 986 matri
936 928 1001 986 te
1047 923 1250 1007 aliger
1295 943 1518 985 saevae
1564 943 1749 1005 puer:

373 1011 632 1075 intende
681 1016 853 1075 certa
900 1011 1221 1094 spiculum
1268 1012 1458 1074 velox
1504 1032 1726 1093 manu,

372 1122 505 1164 non
550 1122 627 1163 ex
675 1100 930 1185 sagittis
975 1099 1251 1162 levibus:
1298 1121 1334 1162 e
1380 1121 1644 1162 numero
1693 1120 1921 1182 precor
2298 1114 2404 1161 545

374 1188 665 1274 graviore
711 1210 933 1271 prome
980 1187 1154 1269 quod
1199 1191 1349 1250 tuae
1393 1187 1680 1251 nondum
1727 1208 1955 1250 manus

373 1278 603 1340 misere
650 1276 720 1340 in
765 1276 1071 1358 aliquem3
1117 1297 1251 1339 non
1295 1276 1425 1338 levi
1468 1276 1599 1339 telo
1648 1280 1745 1339 est
1791 1297 1953 1358 opus
1964 1326 1981 1357 ‚

374 1369 448 1428 ut
493 1386 707 1428 amare
753 1364 960 1446 possit
1004 1362 1332 1427 Hercules.
1422 1364 1662 1449 rigidas
1709 1386 1936 1427 manus

375 1453 634 1516 intende
683 1457 746 1515 et
791 1474 1009 1516 arcum
1057 1452 1358 1515 cornibus
1405 1452 1640 1516 iunctis
1687 1475 1857 1535 para.

375 1564 574 1623 nunc,
610 1563 783 1605 nunc
813 1541 1115 1627 sagittam
1143 1562 1369 1623 prome
1408 1563 1534 1623 qua
1562 1541 1885 1622 quondam
1913 1540 2247 1604 horridum
2299 1556 2405 1604 550

374 1629 595 1694 Iovem
642 1630 890 1712 petisti,
935 1630 1205 1692 fulmine
1253 1629 1503 1694 abiecto
1553 1629 1706 1693 deus

378 1741 525 1784 cum
572 1719 783 1782 fronte
832 1718 1045 1782 subita
1089 1718 1331 1781 tumuit
1377 1722 1441 1780 et
1484 1717 1780 1781 rabidum
1827 1740 2000 1781 mare

376 1812 601 1871 taurus
648 1805 901 1889 puellae
947 1810 1168 1871 vector
1202 1804 1505 1889 Assyriae
1551 1805 1765 1889 scidit3

376 1896 656 1959 immitte
703 1916 1013 1977 amorem,
1059 1896 1275 1960 vincat
1321 1896 1614 1977 exempla
1662 1895 1902 1958 omnia:

379 2005 591 2047 amare
639 1984 845 2047 discat
890 1984 1247 2068 coniugem.
1341 1984 1397 2047 si
1443 2005 1600 2066 quas
1648 1983 1838 2046 decor
2301 1999 2406 2045 555

376 2071 545 2136 Ioles
593 2073 826 2136 inussit
871 2074 1119 2156 pectori
1164 2071 1482 2136 Herculeo
1529 2073 1730 2154 facee,

379 2161 684 2245 extingue
728 2164 900 2224 totas
910 2211 928 2243 ,
973 2161 1270 2244 perbibat
1314 2161 1590 2225 formam
1637 2161 1780 2224 mei.

377 2253 452 2313 tu
494 2248 947 2313 fulminantem
995 2271 1183 2332 saepe
1231 2250 1538 2313 domuisti
1582 2248 1828 2331 Iovem,

379 2340 454 2400 tu
498 2337 685 2400 furva
729 2338 901 2422 nigri
948 2343 1200 2420 sceptra
1247 2343 1605 2422 gestantem
1651 2338 1815 2421 poli,

378 2426 605 2489 turbae
653 2425 879 2490 ducem
926 2427 1185 2490 maioris
1233 2431 1296 2490 et
1344 2427 1674 2490 dominum
1724 2425 1970 2512 Stygis,
2303 2442 2410 2490 560

377 2519 578 2597 tuque
627 2536 664 2577 o
710 2536 982 2579 noverca
1027 2515 1282 2598 gravior
1327 2515 1490 2578 irata
1536 2515 1719 2596 deus,

381 2624 536 2686 cape
582 2602 754 2667 hunc
798 2603 1199 2686 triumphum
1247 2604 1423 2666 solus
1470 2607 1534 2666 et
1579 2603 1764 2668 vince
1811 2602 2171 2666 Herculem.

379 2709 540 2754 NVT.
588 2690 849 2755 Prolata
894 2693 991 2755 vis
1039 2696 1135 2756 est
1181 2713 1470 2774 quaeque
1515 2690 1804 2754 Palladia
1851 2692 1997 2756 colu

379 2780 646 2843 lassavit
692 2802 946 2844 omnem
993 2784 1168 2843 texta
1213 2780 1596 2843 famularum
1646 2802 1925 2844 manum.

524 2958 626 3005 537
665 2955 851 3006 tactus
890 2953 1042 3006 sinus
1075 2958 1120 3004 A
1157 2953 1365 3006 tacitus
1402 2947 1523 3006 mas
1560 2959 1602 3005 E
1640 2970 1776 3008 corr.
1807 2955 2030 3008 Richter
2065 2954 2173 3008 ibd.
2212 2953 2413 3021 (tacite

381 3023 612 3076 intimas
643 3026 706 3077 ci.
730 3025 1040 3078 Koetschau
1067 3026 1183 3078 coll.
1206 3025 1357 3078 Med.
1380 3029 1492 3077 818
1527 3025 1663 3094 Thy.
1685 3028 1777 3093 97)
1806 3026 1825 3091 ΙΙ
1854 3029 1957 3076 538
1984 3024 2020 3077 i.
2053 3024 2127 3077 ad
2153 3024 2364 3076 med.1?.
2397 3024 2405 3094 Ι

380 3113 502 3148 nvn.
541 3100 583 3146 E
634 3097 652 3162 ΙΙ
709 3100 805 3147 541
839 3097 898 3148 te
933 3097 991 3148 te
1028 3111 1224 3163 precor
1259 3099 1304 3145 A
1369 3098 1388 3163 ΙΙ
1451 3100 1555 3148 542
1592 3095 1781 3161 quatis
1819 3096 1995 3150 Bothe
2046 3097 2065 3163 ΙΙ
2121 3099 2223 3146 543
2261 3097 2301 3148 t.
2332 3113 2407 3147 m.

379 3166 483 3219 teli
526 3182 585 3218 er
620 3171 665 3217 A
719 3169 736 3234 Η
793 3171 895 3218 545
935 3182 1002 3218 ex
1038 3182 1229 3220 umero
1265 3172 1308 3218 E
1356 3169 1374 3234 ΙΙ
1429 3170 1533 3218 546
1568 3166 1728 3234 gravi
1765 3166 2031 3234 deprome
2066 3170 2110 3215 Β.
2152 3164 2412 3233 graviore

379 3253 483 3305 pro
511 3253 570 3289 er
613 3241 658 3287 A
713 3253 846 3291 corr.
895 3249 952 3302 ψ
1014 3242 1033 3307 Η
1097 3241 1200 3288 548
1247 3236 1435 3305 rig-ida
1488 3252 1660 3291 manu
1710 3237 1786 3289 N.
1827 3236 2098 3290 Heinsius
2146 3254 2201 3303 p.
2246 3241 2356 3289 447
2407 3238 2414 3306 1

385 3312 490 3359 550
527 3308 763 3360 condam
799 3314 843 3359 B.
895 3310 903 3375 Ι
950 3307 1209 3360 horridus
1245 3312 1290 3358 A
1354 3309 1373 3375 ΙΙ
1436 3312 1541 3359 552
1581 3307 1774 3360 timuit
1818 3309 1925 3360 Δ(τ)
1962 3307 1968 3377 l
2009 3307 2274 3375 rapidum
2310 3312 2356 3359 A
2407 3309 2414 3378 Ι

384 3382 488 3429 553
527 3378 736 3432 excidit
761 3384 805 3429 Β.
832 3381 850 3447 ΙΙ
880 3383 982 3430 555
1021 3378 1286 3447 coniuges
1313 3383 1360 3430 A
1386 3381 1403 3447 Η
1433 3382 1537 3430 556
1564 3377 1799 3430 immisit
1829 3377 1973 3431 Ioles
2001 3383 2047 3430 A
2073 3379 2092 3445 ΙΙ
2121 3382 2222 3430 557
2251 3377 2410 3431 flam-

383 3463 505 3500 mas
533 3449 644 3502 mei
663 3454 708 3500 A
736 3452 753 3518 11
783 3454 887 3500 559
915 3449 1070 3502 fulva
1087 3454 1185 3501 EA
1213 3467 1351 3504 corr.
1381 3461 1438 3514 ψ
1464 3450 1482 3516 ΙΙ
1512 3453 1609 3501 561
1634 3451 1699 3502 tu
1728 3448 1824 3515 qui
1852 3466 1975 3502 nov.
2005 3454 2050 3500 A
2077 3452 2096 3516 ΙΙ
2125 3454 2229 3501 562
2257 3449 2411 3503 solus

386 3517 577 3570 evince
604 3523 649 3569 A
677 3521 694 3587 ΙΙ
724 3524 826 3572 563
866 3519 1002 3572 colis
1034 3526 1077 3572 E
1116 3519 1270 3572 colus
1298 3524 1344 3570 A
1382 3536 1515 3573 corr.
1546 3531 1603 3584 ψ
1642 3520 1770 3589 (Ay.
1813 3521 1937 3587 Vd.)
1966 3522 1985 3588 n
2014 3524 2118 3572 564
2154 3519 2272 3572 tela
2297 3531 2355 3584 ψ
2401 3521 2408 3590 1

384 3585 706 3640 fabularum
741 3605 939 3642 manus
977 3595 1018 3640 Ε
1056 3589 1389 3643 famularem
1425 3606 1655 3643 manum
1691 3595 1737 3642 A
1772 3607 1907 3645 corr.
1938 3603 1995 3656 ψ
