2658 4117
298 249 430 311 288
948 248 1008 300 L.
1039 247 1322 301 ANNAEI
1361 246 1687 302 SENECAE

301 397 414 457 aut
458 393 682 477 perdet
727 396 838 456 aut
884 391 1144 475 peribit:
1191 393 1260 456 in
1306 392 1519 456 medio
1568 397 1665 457 est
1712 394 1918 459 scelus

300 482 586 566 positum
634 482 991 563 occupanti.

889 585 1036 633 SAT.
1084 568 1282 633 Fama
1325 573 1391 633 te
1436 568 1663 653 populi
1709 570 1875 634 nihil

301 659 565 723 adversa
592 658 831 722 terret?
879 674 1033 720 ATR.
1064 656 1421 721 Maximum
1449 656 1575 721 hoc
1590 659 1777 743 regni
1794 660 2037 723 bonum
2059 664 2173 742 est,
2225 675 2329 724 205

302 747 476 831 quod
519 748 692 811 facta
738 746 983 810 domini
1029 746 1284 833 cogitur
1328 747 1607 830 populus
1655 748 1756 810 sui

298 840 434 900 tam
479 836 644 899 ferre
691 857 884 918 quam
929 835 1207 899 laudare.
1300 852 1446 899 SAT.
1493 833 1667 911 Quos
1714 837 1891 923 cogit
1921 841 2142 901 'metus

301 925 586 1008 laudare,
633 925 889 988 eosdem
934 924 1144 989 reddit
1187 924 1484 988 immicos
1531 929 1756 989 metus.
1826 946 1830 950 ·

301 1017 369 1077 at
416 1014 526 1096 qui
568 975 811 1077 'favoris
859 1014 1132 1100 gloriam
1178 1013 1314 1077 veri
1359 1013 1550 1096 petit,

302 1105 516 1169 animo
566 1102 771 1187 magis
819 1124 1012 1185 quam
1058 1123 1216 1166 voce
1261 1101 1511 1165 laudari
1556 1104 1747 1166 volet.
2225 1119 2331 1168 210

300 1211 455 1258 ΛΤΒ.
503 1191 674 1255 Laus
720 1213 870 1255 vera
916 1195 980 1255 et
1023 1190 1258 1255 humili
1305 1212 1494 1274 saepe
1542 1191 1862 1276 contingit
1907 1191 2044 1255 viro
2055 1241 2074 1275 ,

301 1304 433 1347 non
479 1282 605 1345 nisi
651 1280 903 1365 potenti
947 1278 1126 1344 falsa.
1221 1279 1395 1362 quod
1439 1281 1673 1343 nolunt
1715 1280 1933 1344 velint.

302 1388 450 1436 SAT.
495 1369 635 1434 Rex
682 1369 840 1433 velit
882 1369 1179 1433 honesta:
1226 1389 1415 1431 nemo
1463 1389 1596 1431 non
1642 1369 1862 1433 eadem
1909 1369 2099 1432 volet.

300 1478 458 1524 ΛΤΒ.
506 1458 915 1541 Vbicumque
961 1461 1215 1522 tantum
1260 1455 1535 1520 honesta
1581 1457 1938 1529 dominanti
1983 1458 2208 1541 licent,

301 1549 588 1634 precario
634 1551 956 1632 regnatur.
1049 1563 1198 1611 8ΛΤ.
1242 1543 1376 1608 Vbi
1420 1567 1554 1609 non
1598 1550 1697 1609 est
1741 1546 1951 1629 pudor
2224 1561 2330 1610 215

302 1658 441 1708 1100,
466 1658 618 1701 cura
654 1637 811 1700 iuris
858 1636 1162 1700 sanctitas
1209 1634 1415 1717 pietas
1462 1634 1647 1718 fides,
1972 1672 1980 1677 ·

301 1726 602 1790 instabile
647 1747 918 1811 regnum
965 1728 1077 1789 est.
1168 1741 1323 1786 ATR.
1373 1721 1692 1788 Sanctitas
1739 1723 1944 1807 pietas
1989 1724 2147 1787 fides

303 1816 556 1900 privata
601 1815 772 1878 bona
818 1818 996 1898 sunt,
1042 1835 1169 1896 qua
1215 1812 1395 1876 iuvat
1438 1834 1622 1898 reges
1669 1817 1831 1877 eant.

303 1922 450 1969 SAT.
499 1901 698 1967 Nefas
744 1923 974 1966 nocere
1019 1902 1123 1966 vel
1168 1901 1339 1964 malo
1387 1901 1571 1965 fratri
1617 1905 1790 1985 puta.

302 2010 458 2057 ΛΤΒ.
506 1990 629 2056 Fas
676 1995 773 2055 est
819 1992 888 2054 in
933 1990 1047 2054 1110
1096 1989 1404 2074 quicquid
1450 1991 1520 2054 in
1562 1990 1759 2054 fratre
1798 1993 1894 2054 est
1938 1990 2133 2054 nefas.
2225 2006 2331 2055 220

303 2082 459 2166 quid
506 2082 676 2145 enim
721 2081 985 2163 reliquit
1031 2081 1297 2145 crimine
1345 2080 1659 2144 intactum
1706 2084 1818 2143 aut
1861 2080 1975 2143 ubi

301 2170 528 2236 8001011
573 2170 902 2253 pepercit?
949 2169 1291 2270 coniugem
1339 2172 1563 2252 stupro
1611 2169 1879 2233 abstulit

299 2262 699 2345 regnumque
742 2258 943 2321 furto:
992 2257 1316 2341 specimen
1362 2258 1699 2340 antiquum
1745 2257 1974 2340 imperi

299 2348 523 2412 fraude
571 2352 667 2411 est
713 2346 1010 2431 adeptuS‚
1054 2345 1278 2410 fraude
1324 2346 1611 2410 turbavit
1658 2345 1936 2409 domum.

302 2442 399 2502 est
444 2436 702 2519 Pelopis
751 2436 898 2499 altis
945 2436 1163 2500 nobile
1208 2435 1279 2497 in
1324 2435 1596 2499 stabulis
1643 2455 1865 2518 pecus,
2223 2449 2327 2498 225

302 2546 569 2589 arcanus
617 2524 807 2608 aries,
856 2523 1083 2588 ductor
1129 2524 1422 2608 opulenti
1468 2524 1699 2609 gregis.

301 2613 494 2678 huius
540 2635 656 2696 per
702 2635 890 2677 omne
936 2633 1168 2697 corpus
1216 2613 1419 2676 effuso
1468 2632 1654 2675 coma

303 2702 618 2786 dependet
664 2724 817 2766 auro
827 2752 844 2786 ‚
892 2703 1072 2766 cuius
1120 2724 1154 2765 e
1199 2705 1384 2786 tergo
1431 2701 1585 2765 novi

302 2794 526 2855 aurata
569 2813 752 2876 reges
801 2795 1052 2874 sceptra
1088 2790 1407 2854 Tantalici
1452 2793 1713 2874 gerunt3

301 2901 632 2964 possessor
674 2880 867 2943 huius
914 2882 1166 2965 regnat,
1213 2878 1387 2943 hunc
1432 2882 1648 2942 tantae
1696 2878 1923 2941 domus
2227 2892 2332 2941 230

300 2968 562 3032 fortuna
606 2969 911 3051 sequitur.
1001 2972 1143 3032 tuta
1188 2968 1470 3050 seposita
1516 2988 1692 3030 sacer

302 3059 371 3121 in
417 3062 598 3141 parte
646 3058 851 3140 carpit
895 3061 1105 3141 prata,
1153 3078 1315 3139 quae
1364 3055 1567 3120 cludit
1611 3054 1776 3138 lapis

299 3147 495 3210 fatale
542 3167 732 3210 saxeo
779 3166 1090 3230 pascuum
1136 3166 1319 3208 muro
1367 3148 1609 3229 tegens.

445 3325 548 3372 207
589 3335 760 3386 quam
796 3318 834 3373 f.
868 3321 989 3372 tam
1024 3318 1060 3371 1.
1092 3322 1137 3370 Δ
1164 3320 1182 3387 ΙΙ
1210 3323 1315 3371 209
1353 3333 1485 3372 uere
1521 3324 1563 3370 Ε
1601 3321 1619 3387 ΙΙ
1656 3322 1754 3370 219
1789 3318 1928 3385 puto
1966 3322 2008 3368 Ε
2045 3317 2071 3398 u·
2102 3320 2206 3368 227
2246 3314 2333 3367 111-

300 3389 426 3443 fuso
464 3394 509 3442 Δ
559 3392 566 3459 Ι
618 3406 647 3443 0
684 3393 843 3459 tergo
883 3406 1042 3443 coma
1077 3390 1280 3457 Peiper
1333 3391 1351 3458 ΙΙ
1406 3394 1511 3442 228
1551 3388 1855 3457 dependet:
1908 3401 2010 3456 epe
2048 3388 2085 3440 i
2116 3402 2226 3441 ras.
2261 3384 2334 3437 13²

302 3460 644 3542 (resplendet
698 3462 949 3531 Bentley)
1000 3464 1008 3529 Ι
1059 3477 1218 3513 auro:
1277 3460 1400 3513 uiro
1457 3462 1492 3513 i
1542 3477 1649 3514 ras.
1700 3458 1771 3511 13²
1829 3460 1837 3528 Ι
1899 3458 2056 3512 0111118
2114 3474 2144 3511 0
2200 3455 2331 3510 fuco

301 3530 432 3582 novi
470 3530 572 3583 Pei
550 3548 666 3597 ερον
710 3533 930 3601 tergore
977 3546 1045 3583 ex
1081 3530 1248 3584 huius
1285 3532 1463 3586 Bothe
1508 3531 1665 3584 0111118
1713 3546 1743 3583 0
1779 3531 1961 3583 tracto
2000 3529 2115 3583 Leo
2156 3530 2332 3596 (texto

303 3599 370 3651 de
396 3600 778 3669 Wilamowitz)
820 3603 837 3669 ΙΙ
882 3606 988 3654 230
1026 3604 1262 3655 cunctae
1300 3602 1499 3656 domus
1540 3602 1759 3657 Gronov
1795 3603 1814 3670 ΙΙ
1859 3605 1963 3653 233
2001 3598 2038 3653 f
2080 3616 2236 3653 sacro
2274 3616 2332 3667 p.
