2658 4117
380 254 517 321 392
1035 255 1096 310 L.
1125 254 1410 307 ANNAEI
1447 253 1772 308 SENECAE

703 421 1049 482 manesque
1094 399 1313 463 tenet?

703 489 874 573 fugit
920 488 1195 552 abducta
1239 487 1460 550 navita
1506 486 1735 550 cumba

705 581 769 641 et
816 574 1151 640 Centauris
1199 574 1504 639 Thessala
1549 576 1742 639 motis
2284 592 2426 641 1925

703 666 854 729 ferit
899 664 1210 728 attonitos
1256 665 1501 748 ungula
1547 685 1765 727 manes

705 775 1074 838 anguesque
1122 774 1271 816 suos
1316 752 1521 836 hydra
1567 752 1683 815 sub
1731 752 1933 816 undas

703 843 927 906 territa
972 842 1194 905 mersit

704 936 897 1013 teque
939 929 1191 993 labores
1201 979 1219 1011 ‚
1265 950 1303 991 0
1351 934 1527 1011 nate,
1571 928 1845 993 timent?

704 1019 915 1100 fallor,
959 1019 1151 1081 fallor
1195 1039 1469 1082 vaesana
1513 1017 1758 1098 furem,
2284 1033 2428 1082 1930

705 1127 824 1171 nec
868 1110 934 1170 te
980 1128 1199 1170 manes
1245 1106 1636 1188 umbraeque
1682 1105 1940 1187 timent,

705 1216 838 1258 non
884 1192 1192 1279 Argolico
1238 1198 1425 1275 rapta
1468 1193 1644 1256 130111

705 1284 885 1346 fulva
931 1283 1118 1365 pelljs
1167 1286 1461 1345 contecta
1506 1281 1658 1344 iuba

705 1374 922 1436 laevos
971 1371 1181 1453 operit
1228 1370 1365 1432 (1113
1410 1370 1685 1433 lacertos

707 1460 1078 1541 vallantque
1123 1458 1294 1522 ferae
1344 1461 1636 1540 tempora
1682 1458 1928 1521 dentes:
2288 1474 2430 1523 1935

708 1548 948 1611 donum
995 1547 1332 1629 pharetrae
1380 1566 1623 1610 cessere
1668 1550 1817 1610 tuae

707 1637 963 1718 telaque
1009 1635 1224 1700 mittet
1269 1635 1399 1698 iam
1447 1635 1669 1699 dextra
1714 1635 1951 1717 minor3

708 1724 888 1788 vadis
934 1724 1223 1806 inermis,
1269 1728 1447 1806 nate,
1492 1746 1608 1806 per
1652 1723 1940 1805 umbraS,

711 1813 791 1877 ad
838 1834 997 1895 quas
1045 1834 1296 1895 semper
1340 1834 1676 1875 mansurus
1724 1812 1863 1875 eris,

861 2023 1043 2089 VOX
1089 2021 1526 2088 HERCVLIS
1574 2023 1686 2088 ΕΤ
1731 2022 1955 2088 IDEM

527 2146 696 2223 Quid
743 2170 847 2211 me
891 2152 1220 2212 tenentem
1264 2170 1465 2233 regna
1512 2148 1740 2213 siderei
1785 2149 1920 2231 poli
2292 2165 2440 2214 1940

391 2238 699 2319 caeloque
744 2236 1003 2300 tandem
1049 2236 1372 2300 redditum
1417 2238 1683 2320 planctu
1729 2237 1911 2300 iubes

391 2325 629 2390 sentire
674 2325 925 2388 fatum?
971 2345 1186 2408 parce:
1233 2326 1362 2388 iam
1409 2326 1614 2411 virtus
1661 2324 1822 2388 mihi

389 2414 462 2477 in
506 2417 678 2477 astra
724 2417 788 2477 et
832 2412 1008 2496 ipsos
1054 2413 1208 2477 fecit
1254 2414 1335 2476 ad
1382 2435 1646 2497 superos
1693 2414 1830 2478 iter.

570 2587 781 2634 ALCM.
826 2571 1032 2654 Vnde,
1077 2573 1246 2635 unde
1293 2554 1816 2656 30111131131111133
1862 2594 2045 2636 aures

571 2660 765 2724 ferit?
809 2661 977 2724 unde
1023 2682 1198 2724 meas
1244 2660 1496 2724 inhibet
1539 2661 1836 2725 lacrimas
2292 2677 2439 2726 1945

572 2749 835 2833 fragor?
881 2770 1162 2833 agnosco
1207 2749 1453 2812 victum
1501 2771 1638 2813 esse
1685 2750 1894 2813 chaos,

572 2906 634 2970 A
682 2906 910 2993 Styge,
954 2913 1131 2989 nate,
1175 2908 1345 2971 redis
1391 2909 1622 2972 iterum
1672 2908 1832 2971 1111111

570 2995 902 3078 fractaque
948 3018 1082 3060 non
1127 2998 1324 3061 semel
1372 3002 1468 3061 est
1513 3018 1686 3060 mors
1732 2996 2033 3060 horrida?

540 3175 876 3224 1928-1931
930 3172 1041 3225 duo
1081 3171 1316 3225 trimetri
1359 3186 1483 3225 cum
1526 3177 1853 3226 ‘monometro
1907 3176 1950 3222 B
2004 3173 2023 3239 ΙΙ
2077 3174 2210 3222 1930
2265 3169 2442 3228 fallor

392 3242 554 3297 semel
588 3246 631 3292 Ε
682 3243 689 3309 Ι
740 3259 786 3294 v.
827 3257 1028 3310 parens
1066 3245 1113 3292 A
1166 3244 1184 3312 ΙΙ
1238 3246 1366 3294 1931
1402 3242 1598 3297 tenent
1631 3248 1674 3294 Ε
1730 3244 1749 3310 ΙΙ
1802 3246 1934 3294 1933
1975 3242 2298 3311 contempta
2334 3246 2379 3293 E
2419 3244 2441 3312 η

393 3317 533 3364 1934
572 3327 765 3365 saevos
801 3318 844 3364 B
896 3316 903 3381 Ι
955 3313 1095 3366 dura
1133 3330 1189 3366 ω
1226 3329 1364 3367 corr.
1403 3312 1517 3366 Leo
1572 3316 1590 3382 ΙΙ
1643 3317 1775 3366 1935
1813 3311 1920 3366 feri
1958 3316 2002 3363 Δ
2048 3315 2055 3380 Ι
2099 3314 2297 3381 gentes
2334 3317 2379 3364 E
2419 3315 2439 3382 ΙΙ

394 3387 531 3436 1986
566 3383 752 3437 fecere
782 3389 825 3435 B
853 3386 872 3451 ΙΙ
898 3401 1169 3437 monas
1197 3400 1445 3436 Ancum
1472 3387 1519 3434 A
1544 3385 1563 3452 ΙΙ
1590 3388 1717 3436 1941
1752 3383 1999 3437 reditum
2025 3385 2249 3436 tantum
2276 3382 2313 3436 i.
2344 3389 2389 3436 Ε
2421 3386 2442 3452 ΙΙ

395 3457 532 3505 1942
569 3469 702 3507 113111
731 3458 776 3505 Δ
802 3457 822 3522 ΙΙ
847 3458 982 3506 1944
1007 3454 1160 3509 unde
1188 3472 1356 3509 sonus
1384 3454 1638 3523 trepidas
1668 3471 1829 3508 aures
1858 3454 2027 3508 ferit?
2060 3456 2067 3522 Ι
2098 3453 2250 3507 unde
2277 3470 2439 3507 meas

395 3522 619 3577 inhibet
653 3524 916 3577 lacrimas
954 3525 1177 3593 fragor?
1212 3528 1218 3592 Ι
1253 3541 1495 3594 agnosco
1527 3541 1770 3595 agnosco
1807 3525 2019 3579 victum
2058 3527 2143 3579 est
2181 3524 2352 3578 chaos
2390 3530 2441 3577 Δ

399 3593 504 3658 (sic
539 3594 762 3662 Peiper)
792 3597 810 3662 ΙΙ
837 3599 970 3647 1946
1008 3594 1198 3663 fragor
1226 3598 1415 3665 priore
1452 3613 1608 3650 versu
1644 3602 1686 3648 B
1726 3598 1793 3664 cf.
1833 3597 1949 3650 Leo
1986 3597 2029 3649 I
2049 3599 2158 3649 142
