2658 4117
323 221 455 275 VIII
1131 219 1540 274 PRAEFATIO

322 374 550 433 inserta
592 370 647 448 13.
682 372 718 429 5
741 390 826 447 sq.
874 363 1128 451 docui.*)
1203 368 1571 430 Gravissima
1614 390 1753 430 vero
1790 370 1977 429 Leoni
2024 372 2347 429 auctoritas

321 464 532 538 postea
569 462 816 519 accessit
853 459 1124 519 Orroms
1170 460 1500 518 Rrssnncssn
1544 460 1778 537 integra
1824 459 2041 518 codicis
2089 460 2348 534 collati0‚

325 553 464 610 ante
508 549 728 609 multos
776 567 961 609 annos
1008 548 1082 606 ab
1130 567 1199 608 eo
1242 540 1627 629 confecta‚*²¹‘)
1672 568 1791 608 non
1837 552 2040 606 tamen
2085 567 2350 623 unquam

322 638 548 717 publici
574 640 720 697 iuris
749 638 928 713 facta,
956 641 1093 714 post
1131 639 1355 716 egregii
1390 638 1508 696 viri
1543 640 1797 696 mortem
1825 635 2107 696 Gnoncm
2138 634 2349 695 Gomz

327 729 516 787 amico
561 726 961 786 intercedente
1006 726 1369 786 liberalitate
1425 729 1486 784 et
1529 725 1944 785 benevolentia
1997 727 2196 785 uxoris
2255 744 2347 784 su·
2389 791 2395 798 ,

325 815 592 894 perstitis
637 816 788 875 mihi
835 814 1076 874 credita.
1154 814 1284 884 Qua
1331 815 1648 892 diligenter
1694 816 2031 874 examinata
2077 813 2349 873 omnibus

324 923 515 982 paene
562 905 707 963 locis
753 904 914 963 idem
960 905 1172 981 legisse
1226 908 1573 979 utrumque,
1628 922 1925 980 perpauca
1971 903 2045 963 ab
2091 921 2209 962 uno
2254 903 2351 961 vel

327 995 516 1053 altero
545 994 820 1071 neglecta
848 1011 974 1052 esse
1011 992 1297 1051 affirmari
1323 994 1537 1069 potest.
1614 991 2004 1071 Spicilegium
2031 993 2351 1051 lectionum

328 1082 465 1141 dedi
519 1083 649 1141 loco
708 1100 889 1158 supra
945 1074 1027 1162 (n.
1071 1073 1137 1162 1)
1182 1085 1509 1142 memorato
1555 1102 1611 1158 p.
1644 1083 1726 1140 29
1749 1100 1875 1158 sqq.
1972 1079 2243 1140 Ceterum
2286 1083 2351 1138 in

328 1171 636 1230 enotandis
682 1171 897 1246 optimi
931 1170 1073 1229 libri
1118 1172 1427 1248 scripturis
1472 1190 1593 1229 non
1634 1171 1806 1229 anxie
1844 1171 2065 1245 curavi,
2101 1173 2171 1229 ut
2215 1171 2353 1245 post

326 1260 588 1318 Lnomm
635 1278 867 1318 omnem
912 1259 1184 1318 lectionis
1241 1259 1701 1336 discrepantiam
1752 1259 2028 1337 religiose
2084 1277 2216 1317 cum
2270 1259 2353 1316 le-

327 1348 603 1426 gentibus
651 1350 1159 1408 communicarem.
1235 1347 1406 1417 Quod
1452 1367 1584 1407 cum
1637 1348 2036 1423 praetermitti
2080 1350 2354 1422 nequeat,

329 1438 382 1496 si
424 1436 484 1495 id
536 1438 754 1515 agitur,
799 1440 872 1495 ut
918 1437 989 1495 de
1036 1437 1254 1496 codicis
1296 1437 1496 1498 indole
1544 1441 1604 1497 et
1637 1438 1854 1496 natura
1891 1438 2170 1495 certiores
2207 1434 2356 1495 fiant

327 1525 609 1603 legenteS‚
655 1528 859 1584 tamen
903 1527 1060 1585 iuste
1106 1526 1407 1585 omittitur
1449 1526 1556 1585 ubi
1599 1527 1738 1585 huic
1785 1526 2075 1585 desiderio
2123 1523 2355 1583 abunde

329 1615 703 1674 satisfactum
740 1618 830 1674 est
876 1606 1026 1695 (Leo
1053 1614 1102 1689 Ι,
1135 1618 1167 1673 1
1192 1607 1367 1695 sqq.).
1441 1615 1559 1674 Eas
1605 1615 1792 1693 igitur
1837 1615 2161 1692 scripturas
2209 1614 2368 1683 satis,

327 1702 521 1762 habui.
568 1704 842 1762 attulisse
855 1747 870 1776 ‚
918 1703 1130 1779 quibus
1188 1703 1331 1778 quid
1384 1705 1542 1762 inter
1595 1706 1909 1779 utramque
1958 1704 2356 1762 recensionem

329 1794 663 1866 interesset,
709 1792 1040 1850 luculenter
1083 1794 1338 1867 perspici
1383 1795 1601 1868 posset,
1648 1795 1870 1852 ceteras
1918 1793 2107 1852 omisi.

462 1880 660 1940 Minus
711 1880 967 1940 feliciter
1022 1881 1199 1939 cessit
1250 1878 1450 1939 Lnom
1507 1882 1813 1959 negotium
1866 1882 1931 1939 in
1988 1879 2355 1939 restituenda

329 1971 688 2030 recensionis
752 1970 1150 2046 interpolatae
1214 1970 1408 2028 forma
1472 1969 1904 2045 antiquissima.
2003 1969 2160 2029 Nam
2223 1987 2353 2027 cum

476 2212 524 2281 ¹⁸¹)
560 2211 645 2267 De
684 2212 959 2280 corruptis
989 2211 1327 2279 quibusdam
1358 2210 1601 2266 Senecae
1629 2211 2049 2281 tragoediarum
2076 2210 2215 2265 locis
2245 2211 2357 2264 dis-

332 2282 558 2353 putavit
582 2281 646 2336 G.
667 2282 900 2337 Richter
926 2282 987 2336 in
1009 2281 1276 2351 Symbola
1297 2283 1589 2337 doctorum
1607 2282 1642 2336 J
1644 2282 1863 2337 enensis
1883 2282 2163 2352 gymnasii
2181 2282 2243 2335 in
2259 2282 2361 2336 ho—

332 2369 525 2408 norem
553 2372 740 2423 gymn.
771 2353 1117 2408 Isenacensis
1143 2354 1395 2409 collecta.
1453 2353 1627 2409 Jenae
1650 2358 1803 2407 1894.
1833 2372 1888 2422 p.
1908 2358 2080 2407 1-38
2101 2354 2296 2422 (caput
2313 2354 2355 2407 Ι.

335 2424 620 2489 Quantum
669 2424 1021 2479 auctoritatis
1071 2425 1291 2496 vulgari
1350 2424 1664 2479 recensioni
1714 2425 1804 2495 (A)
1853 2424 2218 2479 tribuendum
2268 2425 2357 2478 sit.

336 2512 455 2565 cap.
493 2495 560 2549 H.
609 2495 785 2550 Varia
831 2496 1180 2565 corruptelae
1216 2512 1427 2567 genera
1470 2494 1843 2550 illustrantur.
1917 2496 1982 2550 A.
2004 2495 2087 2549 De
2123 2495 2357 2549 lacunis.

337 2583 457 2636 cap.
487 2566 580 2620 ΠΙ.
610 2566 672 2621 B.
720 2566 804 2620 De
841 2582 1099 2621 versuum
1136 2568 1332 2622 ordine
1368 2567 1613 2622 turbato,
1663 2583 1783 2637 cap.
1821 2565 1913 2621 IV.
1955 2564 2009 2620 C.
2048 2566 2363 2621 Verborum

338 2637 687 2707 corruptelae
725 2638 1003 2705 quaedam
1041 2639 1447 2708 emendantur).

479 2726 556 2798 **)
592 2727 827 2781 Aestate
865 2727 999 2780 anni
1035 2724 1424 2794 MDCCCLIII,
1464 2726 1533 2781 cf.
1576 2726 1734 2781 ‘Otto
1770 2726 2052 2792 Ribbeck,
2102 2726 2194 2781 ein
2230 2726 2362 2780 Bild

339 2799 521 2853 seines
550 2798 784 2865 Lebens‚
815 2814 915 2851 aus
947 2797 1138 2853 seinen
1164 2797 1393 2852 Briefen
1433 2802 1800 2852 1846—1898.
1859 2796 2142 2868 Stuttgart
2181 2799 2359 2851 1901’.

335 2870 401 2923 In
431 2868 671 2939 epistola
700 2869 774 2922 ad
851 2871 1073 2923 arentes
1100 2868 1423 2924 Florentiae
1454 2868 1633 2923 XXV⁰
1670 2869 1763 2922 die
1794 2870 2003 2923 mensis
2029 2867 2187 2922 Junii
2226 2869 2363 2922 data

336 2941 480 2995 haec
518 2939 737 2994 scribit:
894 2940 1118 2994 meinen
1152 2939 1487 2994 hauslichen
1513 2939 1958 3007 Mussestunden‚
1997 2940 2167 2994 deren
2203 2940 2365 2993 nicht

339 3010 702 3081 allzuwenige
732 3010 875 3077 sind,
899 3009 1016 3064 lese
1043 3010 1136 3064 ich
1158 3010 1304 3079 jetzt
1332 3011 1429 3065 des
1460 3010 1614 3065 alten
1635 3009 1918 3065 Sacchetti
1949 3016 2052 3065 300
2070 3010 2362 3078 Novellen‚

338 3081 484 3136 viele
510 3082 617 3135 mit
643 3082 888 3151 grossem
916 3082 1126 3136 Genufs
1154 3082 1529 3151 verspeisend.
1561 3114 1628 3122 —
1665 3082 1997 3136 Aufserdem
2024 3081 2363 3152 langweilen

338 3153 490 3207 mich
519 3153 763 3207 Senecae
799 3153 1129 3223 tragoediae
1165 3152 1456 3207 bisweilen
1493 3153 1668 3221 mehr,
1704 3153 1788 3207 als
1828 3154 1919 3207 die
1958 3153 2162 3207 schone
2198 3152 2363 3207 latei-

339 3224 532 3278 nische
579 3223 825 3293 Sprache
873 3224 1083 3279 dulden
1140 3223 1329 3291 sollte,
1388 3241 1446 3279 es
1503 3224 1581 3278 ist
1635 3224 1774 3279 alles
1827 3223 1960 3279 eitel
2005 3224 2199 3294 Klopf-
2245 3223 2363 3277 und

342 3294 840 3365 Spiegelfechterei
887 3294 986 3349 der
1030 3295 1223 3362 H611e3
1272 3295 1372 3349 der
1417 3295 1560 3350 Text
1603 3296 1747 3350 wird
1795 3294 1930 3349 aber
1975 3295 2035 3349 in
2081 3295 2208 3349 sehr
2243 3310 2363 3348 ver-

341 3366 622 3420 besserter
650 3364 873 3419 Gestalt
902 3381 1001 3419 aus
1028 3366 1252 3421 meinen
1281 3367 1578 3421 Mfihsalen
1615 3367 2011 3437 hervorgehen.
2064 3365 2365 3420 Trotzdem

342 3437 479 3491 aber
515 3437 650 3491 oder
687 3435 830 3491 eben
856 3436 986 3490 weil
1022 3437 1115 3491 ich
1152 3454 1299 3507 genu
1377 3438 1543 3505 habe,
1572 3437 1702 3491 lass'
1741 3437 1833 3492 ich
1868 3438 2020 3492 mich
2051 3438 2211 3491 nicht
2245 3454 2365 3491 ver—

339 3508 542 3562 ffihren
579 3508 724 3562 nach
761 3508 917 3562 Ivrea
954 3525 1020 3560 zu
1058 3509 1256 3577 gehen.
1367 3525 1426 3563 er
1462 3510 1692 3563 Mensch
1728 3509 1804 3564 ist
1838 3509 2007 3563 keine
2045 3508 2365 3563 varianten-

339 3578 626 3634 fressende
671 3579 858 3633 Bestie
896 3595 940 3632 e.
973 3597 1024 3647 q.
1056 3596 1095 3632 s,
