2658 4117
1069 968 1452 1034 OCTAVIA

694 1092 831 1159 Iam
879 1116 1042 1180 vaga
1088 1097 1264 1159 eaelo
1314 1095 1520 1159 sidera
1566 1096 1822 1181 fulgens

560 1181 813 1247 Aurora
857 1184 1066 1268 fugat,

561 1272 766 1357 surgit
803 1271 995 1336 Titan
1039 1273 1327 1336 radiante
1375 1293 1557 1341 coma

561 1360 928 1442 mundoque
975 1361 1142 1424 diem
1189 1361 1399 1425 reddit
1445 1363 1704 1425 clarum.

560 1470 706 1532 age,
751 1452 853 1512 tot
898 1452 1096 1513 tantis
1143 1453 1406 1513 onerata
1451 1451 1638 1513 malis
1649 1499 1667 1531 ‚
2234 1468 2265 1514 5

560 1541 776 1619 repete
821 1542 1109 1601 assuetos
1156 1539 1282 1601 iam
1331 1538 1453 1601 tibi
1500 1543 1763 1620 questus

559 1629 752 1707 atque
797 1646 1144 1707 aequoreas
1190 1627 1373 1689 vinee
1409 1624 1733 1710 Alcyonas
1743 1677 1761 1710 ,

558 1714 741 1777 vince
788 1718 851 1777 et
897 1716 1187 1777 volucres
1234 1714 1647 1778 Pandionias:

560 1803 818 1886 gravior
862 1824 1140 1885 namque
1184 1801 1286 1865 his
1334 1804 1594 1866 fortuna
1638 1806 1751 1866 tua
1798 1806 1909 1867 est.

560 1912 827 1973 semper,
875 1892 1192 1975 genetrix,
1239 1892 1529 1955 deflenda
1575 1892 1762 1973 mihi,
2198 1909 2265 1957 10

560 1980 766 2062 prima
811 2000 1101 2043 meorum
1149 2001 1341 2043 causa
1386 1980 1733 2062 malorum,

557 2069 770 2132 tristes
818 2073 1080 2151 questus
1127 2072 1314 2132 natae
1362 2070 1617 2150 exandi,

559 2158 612 2220 si
660 2158 801 2241 quis
846 2161 1135 2223 remanet
1180 2179 1401 2221 sensus
1448 2159 1516 2220 in
1560 2158 1822 2221 umbris.

557 2247 802 2309 utinam
849 2250 998 2309 ante
1044 2268 1238 2309 manu
1287 2246 1645 2330 grandaeva
1692 2268 1806 2309 sua

558 2356 698 2397 mea
742 2335 1020 2417 rupisset
1068 2334 1342 2398 stamina
1388 2332 1623 2398 Clotho
1633 2383 1649 2416 ‚
2198 2353 2261 2399 15

556 2425 667 2485 tua
714 2445 903 2506 quam
953 2445 1241 2486 maerens
1287 2424 1552 2487 vulnera
1597 2423 1727 2487 vidi

557 2533 794 2593 oraque
839 2512 1028 2575 foedo
1077 2534 1295 2594 sparsa
1338 2513 1591 2599 eruore!

558 2620 595 2661 o
642 2601 755 2662 lux
804 2622 1055 2683 semper
1099 2600 1354 2664 funesta
1401 2599 1587 2681 mihi,

555 2691 843 2770 tempore
890 2688 970 2752 ab
1016 2690 1132 2765 illo

552 2777 665 2839 lux
714 2799 781 2840 es
810 2778 1107 2863 tenebris
1154 2778 1361 2840 invisa
1406 2778 1638 2861 magis:
2193 2794 2260 2839 20

552 2866 819 2929 tulimus
867 2888 1089 2930 saevae
1135 2867 1306 2929 iussa
1351 2887 1685 2945 novercae,
1751 2885 1761 2892 ·

553 2952 854 3018 hostilem
901 2955 1186 3018 animum
1233 2954 1578 3037 vultusque
1622 2957 1850 3017 truces,

553 3042 665 3105 illa
712 3043 824 3106 illa
870 3044 1028 3106 meis
1076 3043 1278 3107 tristis
1324 3042 1563 3126 Erinys

378 3194 688 3270 ‘Octavia-m
742 3215 971 3271 Senecae
1018 3218 1300 3272 ascribunt
1353 3216 1507 3271 codd.
1580 3216 1866 3271 intercedit
1917 3217 2061 3277 inter
2110 3217 2263 3298 ,Δρα-

229 3302 564 3341 memnonem
600 3293 649 3340 et
676 3287 971 3343 Herculem
1003 3288 1258 3343 Oetaeam
1286 3293 1671 3355 praeterquam
1706 3287 1851 3356 qaod
1886 3287 1951 3340 in
1992 3291 2051 3341 Σ
2082 3287 2259 3341 novis-

227 3356 366 3410 simo
402 3357 517 3411 loco
538 3364 674 3425 post
700 3359 778 3413 H.
815 3358 874 3412 Ο.
905 3360 1169 3440 collocata
1203 3358 1320 3413 cst!
1362 3358 1475 3412 Leo
1502 3360 1521 3426 u
1548 3362 1717 3409 1-33
1756 3358 1991 3424 dimetri,
2026 3364 2263 3426 quatuor

230 3429 579 3509 naonometris
614 3428 952 3498 interpositis
989 3432 1043 3497 (6
1080 3429 1195 3483 iam
1232 3430 1272 3482 t.
1313 3447 1384 3498 q.‚
1423 3434 1493 3482 20
1530 3428 1711 3485 invisa
1747 3447 1839 3494 m.‚
1884 3435 1952 3482 2⁷
1991 3427 2141 3483 ultra
2180 3427 2261 3496 0.,

229 3500 292 3617 {1
330 3497 578 3565 iurisque
600 3501 682 3626 yse)
722 3504 766 3551 Δ
810 3503 828 3569 ΙΙ
872 3506 943 3553 20
981 3500 1078 3554 lux
1114 3504 1161 3551 A
1194 3517 1307 3554 nox
1343 3511 1399 3565 ψ
1436 3502 1505 3567 cf.
1538 3501 1715 3568 praef.
1756 3517 1874 3569 cap.
1905 3502 1947 3554 I
1974 3518 2015 3556 3.
2045 3502 2085 3568 f.
2121 3502 2129 3569 Ι
2176 3502 2261 3555 est

312 3585 448 3624 corr
489 3572 601 3625 Bot
1206 3622 1209 3625 Α
