<?xml version="1.0" encoding="UTF-8"?>
<!DOCTYPE html PUBLIC "-//W3C//DTD XHTML 1.0 Transitional//EN"
    "http://www.w3.org/TR/xhtml1/DTD/xhtml1-transitional.dtd">
<html xmlns="http://www.w3.org/1999/xhtml" xml:lang="en" lang="en">
 <head>
  <title>
</title>
<meta http-equiv="Content-Type" content="text/html;charset=utf-8" />
  <meta name='ocr-system' content='tesseract 3.04.00' />
  <meta name='ocr-capabilities' content='ocr_page ocr_carea ocr_par ocr_line ocrx_word'/>
</head>
<body>
  <div class='ocr_page' id='page_1' title='image "./senecaetragoedi00senegoog_0181.png"; bbox 0 0 2658 4117; ppageno 0'>
   <div class='ocr_carea' id='block_1_1' title="bbox 1118 236 2253 307">
    <p class='ocr_par' dir='ltr' id='par_1_1' title="bbox 1118 236 2253 307">
     <span class='ocr_line' id='line_1_1' title="bbox 1118 236 2253 307; baseline 0.012 -16"><span class='ocrx_word' id='word_1_1' title='bbox 1118 236 1377 293; x_wconf 85' lang='lat' dir='ltr'>MEDEA</span> <span class='ocrx_word' id='word_1_2' title='bbox 2125 241 2253 307; x_wconf 80' lang='lat'>129</span> 
     </span>
    </p>
   </div>
   <div class='ocr_carea' id='block_1_2' title="bbox 230 385 2252 826">
    <p class='ocr_par' dir='ltr' id='par_1_2' title="bbox 230 385 1781 472">
     <span class='ocr_line' id='line_1_2' title="bbox 230 385 1781 472; baseline -0.001 -21"><span class='ocrx_word' id='word_1_3' title='bbox 230 409 343 472; x_wconf 88' lang='lat' dir='ltr'>per</span> <span class='ocrx_word' id='word_1_4' title='bbox 388 407 533 470; x_wconf 90' lang='lat' dir='ltr'>spes</span> <span class='ocrx_word' id='word_1_5' title='bbox 578 385 826 449; x_wconf 81' lang='lat' dir='ltr'>futuras</span> <span class='ocrx_word' id='word_1_6' title='bbox 872 406 1111 468; x_wconf 82' lang='lat' dir='ltr'>perque</span> <span class='ocrx_word' id='word_1_7' title='bbox 1157 407 1502 471; x_wconf 90' lang='lat' dir='ltr'>regnorum</span> <span class='ocrx_word' id='word_1_8' title='bbox 1549 389 1781 469; x_wconf 83' lang='lat' dir='ltr'>status,</span> 
     </span>
    </p>

    <p class='ocr_par' dir='ltr' id='par_1_3' title="bbox 230 473 1747 560">
     <span class='ocr_line' id='line_1_3' title="bbox 230 473 1747 560; baseline -0.001 -20"><span class='ocrx_word' id='word_1_9' title='bbox 230 475 515 540; x_wconf 86' lang='lat' dir='ltr'>Fortuna</span> <span class='ocrx_word' id='word_1_10' title='bbox 558 474 735 537; x_wconf 83' lang='lat' dir='ltr'>varia</span> <span class='ocrx_word' id='word_1_11' title='bbox 781 473 975 538; x_wconf 91' lang='lat' dir='ltr'>dubia</span> <span class='ocrx_word' id='word_1_12' title='bbox 1022 496 1184 558; x_wconf 88' lang='lat' dir='ltr'>quos</span> <span class='ocrx_word' id='word_1_13' title='bbox 1230 475 1436 560; x_wconf 85' lang='lat' dir='ltr'>agitat</span> <span class='ocrx_word' id='word_1_14' title='bbox 1479 475 1643 558; x_wconf 84' lang='lat' dir='ltr'>vice,</span> <span class='ocrx_word' id='word_1_15' title='bbox 1743 492 1747 495; x_wconf 75' lang='grc'>’</span> 
     </span>
    </p>

    <p class='ocr_par' dir='ltr' id='par_1_4' title="bbox 230 563 1696 649">
     <span class='ocr_line' id='line_1_4' title="bbox 230 563 1696 649; baseline -0.001 -20"><span class='ocrx_word' id='word_1_16' title='bbox 230 586 472 649; x_wconf 79' lang='lat' dir='ltr'>precor,</span> <span class='ocrx_word' id='word_1_17' title='bbox 519 563 776 627; x_wconf 86' lang='lat' dir='ltr'>brevem</span> <span class='ocrx_word' id='word_1_18' title='bbox 820 563 1056 648; x_wconf 87' lang='lat' dir='ltr'>largire</span> <span class='ocrx_word' id='word_1_19' title='bbox 1098 563 1378 649; x_wconf 75' lang='lat' dir='ltr'>fugienti</span> <span class='ocrx_word' id='word_1_20' title='bbox 1422 585 1696 647; x_wconf 85' lang='lat' dir='ltr'>moram,</span> 
     </span>
    </p>

    <p class='ocr_par' dir='ltr' id='par_1_5' title="bbox 235 652 1718 738">
     <span class='ocr_line' id='line_1_5' title="bbox 235 652 1718 738; baseline 0 -22"><span class='ocrx_word' id='word_1_21' title='bbox 235 654 385 718; x_wconf 91' lang='lat' dir='ltr'>dum</span> <span class='ocrx_word' id='word_1_22' title='bbox 433 656 716 716; x_wconf 86' lang='lat' dir='ltr'>extrema</span> <span class='ocrx_word' id='word_1_23' title='bbox 760 652 927 715; x_wconf 85' lang='lat' dir='ltr'>natis</span> <span class='ocrx_word' id='word_1_24' title='bbox 949 682 950 689; x_wconf 45' lang='lat'>¹</span> <span class='ocrx_word' id='word_1_25' title='bbox 975 656 1179 716; x_wconf 86' lang='lat' dir='ltr'>mater</span> <span class='ocrx_word' id='word_1_26' title='bbox 1222 653 1425 738; x_wconf 86' lang='lat' dir='ltr'>infigo</span> <span class='ocrx_word' id='word_1_27' title='bbox 1473 654 1718 735; x_wconf 86' lang='lat' dir='ltr'>oscula,</span> 
     </span>
    </p>

    <p class='ocr_par' dir='ltr' id='par_1_6' title="bbox 231 739 2252 826">
     <span class='ocr_line' id='line_1_6' title="bbox 231 739 2252 826; baseline 0 -20"><span class='ocrx_word' id='word_1_28' title='bbox 231 743 502 806; x_wconf 83' lang='lat' dir='ltr'>fortasse</span> <span class='ocrx_word' id='word_1_29' title='bbox 548 741 842 805; x_wconf 91' lang='lat' dir='ltr'>moriens.</span> <span class='ocrx_word' id='word_1_30' title='bbox 936 757 1045 804; x_wconf 80' lang='lat' dir='ltr'><strong>GR..</strong></span> <span class='ocrx_word' id='word_1_31' title='bbox 1084 739 1445 805; x_wconf 82' lang='lat' dir='ltr'>Fraudibus</span> <span class='ocrx_word' id='word_1_32' title='bbox 1491 745 1745 826; x_wconf 85' lang='lat' dir='ltr'>tempus</span> <span class='ocrx_word' id='word_1_33' title='bbox 1791 741 1977 825; x_wconf 84' lang='lat' dir='ltr'>petis.</span> <span class='ocrx_word' id='word_1_34' title='bbox 2146 757 2252 806; x_wconf 85' lang='lat'>290</span> 
     </span>
    </p>
   </div>
   <div class='ocr_carea' id='block_1_3' title="bbox 136 828 2025 917">
    <p class='ocr_par' dir='ltr' id='par_1_7' title="bbox 136 828 2025 917">
     <span class='ocr_line' id='line_1_7' title="bbox 136 828 2025 917; baseline 0 -23"><span class='ocrx_word' id='word_1_35' title='bbox 136 871 147 885; x_wconf 91' lang='lat'><strong>·</strong></span> <span class='ocrx_word' id='word_1_36' title='bbox 236 849 403 895; x_wconf 80' lang='lat' dir='ltr'><strong>MED.</strong></span> <span class='ocrx_word' id='word_1_37' title='bbox 450 829 624 905; x_wconf 83' lang='lat' dir='ltr'>Quae</span> <span class='ocrx_word' id='word_1_38' title='bbox 670 828 847 893; x_wconf 83' lang='lat' dir='ltr'>fraus</span> <span class='ocrx_word' id='word_1_39' title='bbox 892 830 1107 893; x_wconf 89' lang='lat' dir='ltr'>timeri</span> <span class='ocrx_word' id='word_1_40' title='bbox 1151 833 1440 913; x_wconf 88' lang='lat' dir='ltr'>tempore</span> <span class='ocrx_word' id='word_1_41' title='bbox 1487 831 1722 917; x_wconf 88' lang='lat' dir='ltr'>exiguo</span> <span class='ocrx_word' id='word_1_42' title='bbox 1768 830 2025 914; x_wconf 77' lang='lat' dir='ltr'>potest?</span> 
     </span>
    </p>
   </div>
   <div class='ocr_carea' id='block_1_4' title="bbox 234 917 2260 1714">
    <p class='ocr_par' dir='ltr' id='par_1_8' title="bbox 237 917 2254 1094">
     <span class='ocr_line' id='line_1_8' title="bbox 237 917 2254 1005; baseline -0.001 -21"><span class='ocrx_word' id='word_1_43' title='bbox 237 937 339 984; x_wconf 83' lang='lat' dir='ltr'>CR.</span> <span class='ocrx_word' id='word_1_44' title='bbox 386 917 657 982; x_wconf 90' lang='lat' dir='ltr'>Nullum</span> <span class='ocrx_word' id='word_1_45' title='bbox 706 917 786 982; x_wconf 88' lang='lat' dir='ltr'>ad</span> <span class='ocrx_word' id='word_1_46' title='bbox 830 917 1190 982; x_wconf 92' lang='lat' dir='ltr'>nocendum</span> <span class='ocrx_word' id='word_1_47' title='bbox 1237 922 1491 1002; x_wconf 85' lang='lat' dir='ltr'>tempus</span> <span class='ocrx_word' id='word_1_48' title='bbox 1532 922 1880 1005; x_wconf 83' lang='lat' dir='ltr'>angustum</span> <span class='ocrx_word' id='word_1_49' title='bbox 1918 922 2015 983; x_wconf 88' lang='lat' dir='ltr'>est</span> <span class='ocrx_word' id='word_1_50' title='bbox 2051 920 2254 984; x_wconf 91' lang='lat' dir='ltr'>malis.</span> 
     </span>
     <span class='ocr_line' id='line_1_9' title="bbox 238 1007 2052 1094; baseline 0 -21"><span class='ocrx_word' id='word_1_51' title='bbox 238 1027 407 1073; x_wconf 77' lang='lat' dir='ltr'><strong>MED.</strong></span> <span class='ocrx_word' id='word_1_52' title='bbox 453 1007 772 1072; x_wconf 81' lang='lat' dir='ltr'>Parumne</span> <span class='ocrx_word' id='word_1_53' title='bbox 818 1007 1085 1072; x_wconf 79' lang='lat' dir='ltr'>miserae</span> <span class='ocrx_word' id='word_1_54' title='bbox 1130 1008 1440 1092; x_wconf 89' lang='lat' dir='ltr'>temporis</span> <span class='ocrx_word' id='word_1_55' title='bbox 1485 1008 1766 1074; x_wconf 78' lang='lat' dir='ltr'>lacrimis</span> <span class='ocrx_word' id='word_1_56' title='bbox 1811 1009 2052 1094; x_wconf 79' lang='lat' dir='ltr'>negas?</span> 
     </span>
    </p>

    <p class='ocr_par' dir='ltr' id='par_1_9' title="bbox 237 1096 1782 1182">
     <span class='ocr_line' id='line_1_10' title="bbox 237 1096 1782 1182; baseline 0.001 -21"><span class='ocrx_word' id='word_1_57' title='bbox 237 1114 341 1162; x_wconf 82' lang='lat' dir='ltr'>CR.</span> <span class='ocrx_word' id='word_1_58' title='bbox 388 1096 535 1161; x_wconf 85' lang='lat' dir='ltr'>Etsi</span> <span class='ocrx_word' id='word_1_59' title='bbox 580 1100 900 1182; x_wconf 74' lang='lat' dir='ltr'>repugnat</span> <span class='ocrx_word' id='word_1_60' title='bbox 942 1097 1241 1180; x_wconf 91' lang='lat' dir='ltr'>precibus</span> <span class='ocrx_word' id='word_1_61' title='bbox 1287 1097 1524 1161; x_wconf 89' lang='lat' dir='ltr'>infixus</span> <span class='ocrx_word' id='word_1_62' title='bbox 1569 1098 1782 1180; x_wconf 84' lang='lat' dir='ltr'>timor,</span> 
     </span>
    </p>

    <p class='ocr_par' dir='ltr' id='par_1_10' title="bbox 234 1184 2257 1357">
     <span class='ocr_line' id='line_1_11' title="bbox 234 1184 2257 1269; baseline -0 -18"><span class='ocrx_word' id='word_1_63' title='bbox 234 1208 401 1251; x_wconf 91' lang='lat' dir='ltr'>unus</span> <span class='ocrx_word' id='word_1_64' title='bbox 447 1186 731 1269; x_wconf 84' lang='lat' dir='ltr'>parando</span> <span class='ocrx_word' id='word_1_65' title='bbox 779 1184 1035 1249; x_wconf 85' lang='lat' dir='ltr'>dabitur</span> <span class='ocrx_word' id='word_1_66' title='bbox 1080 1186 1272 1250; x_wconf 88' lang='lat' dir='ltr'>exilio</span> <span class='ocrx_word' id='word_1_67' title='bbox 1320 1186 1472 1250; x_wconf 84' lang='lat' dir='ltr'>dies.</span> <span class='ocrx_word' id='word_1_68' title='bbox 2153 1201 2257 1250; x_wconf 83' lang='lat'>295</span> 
     </span>
     <span class='ocr_line' id='line_1_12' title="bbox 237 1273 1938 1357; baseline -0.001 -18"><span class='ocrx_word' id='word_1_69' title='bbox 237 1293 406 1339; x_wconf 79' lang='lat' dir='ltr'><strong>MED.</strong></span> <span class='ocrx_word' id='word_1_70' title='bbox 452 1273 666 1339; x_wconf 90' lang='lat' dir='ltr'>Nimis</span> <span class='ocrx_word' id='word_1_71' title='bbox 713 1277 837 1357; x_wconf 86' lang='lat' dir='ltr'>est,</span> <span class='ocrx_word' id='word_1_72' title='bbox 880 1273 1126 1339; x_wconf 81' lang='lat' dir='ltr'>recidas</span> <span class='ocrx_word' id='word_1_73' title='bbox 1173 1273 1419 1357; x_wconf 84' lang='lat' dir='ltr'>aliquid</span> <span class='ocrx_word' id='word_1_74' title='bbox 1464 1297 1543 1339; x_wconf 88' lang='lat' dir='ltr'>ex</span> <span class='ocrx_word' id='word_1_75' title='bbox 1589 1275 1713 1340; x_wconf 86' lang='lat' dir='ltr'>isto</span> <span class='ocrx_word' id='word_1_76' title='bbox 1758 1276 1938 1339; x_wconf 86' lang='lat' dir='ltr'>licet:</span> 
     </span>
    </p>

    <p class='ocr_par' dir='ltr' id='par_1_11' title="bbox 237 1361 1940 1449">
     <span class='ocr_line' id='line_1_13' title="bbox 237 1361 1940 1449; baseline 0 -20"><span class='ocrx_word' id='word_1_77' title='bbox 237 1369 301 1429; x_wconf 88' lang='lat' dir='ltr'>et</span> <span class='ocrx_word' id='word_1_78' title='bbox 344 1365 486 1448; x_wconf 88' lang='lat' dir='ltr'>ipsa</span> <span class='ocrx_word' id='word_1_79' title='bbox 531 1385 823 1448; x_wconf 78' lang='lat' dir='ltr'>propero,</span> <span class='ocrx_word' id='word_1_80' title='bbox 917 1380 1019 1427; x_wconf 82' lang='lat' dir='ltr'>GR.</span> <span class='ocrx_word' id='word_1_81' title='bbox 1069 1361 1292 1447; x_wconf 86' lang='lat' dir='ltr'>Capite</span> <span class='ocrx_word' id='word_1_82' title='bbox 1339 1364 1728 1448; x_wconf 90' lang='lat' dir='ltr'>supplicium</span> <span class='ocrx_word' id='word_1_83' title='bbox 1772 1366 1940 1449; x_wconf 86' lang='lat' dir='ltr'>lues,</span> 
     </span>
    </p>

    <p class='ocr_par' dir='ltr' id='par_1_12' title="bbox 236 1451 1764 1536">
     <span class='ocr_line' id='line_1_14' title="bbox 236 1451 1764 1536; baseline 0 -18"><span class='ocrx_word' id='word_1_84' title='bbox 236 1455 483 1518; x_wconf 88' lang='lat' dir='ltr'>clarum</span> <span class='ocrx_word' id='word_1_85' title='bbox 528 1452 903 1536; x_wconf 83' lang='lat' dir='ltr'>priusquam</span> <span class='ocrx_word' id='word_1_86' title='bbox 949 1451 1249 1517; x_wconf 87' lang='lat' dir='ltr'>Phoebus</span> <span class='ocrx_word' id='word_1_87' title='bbox 1296 1454 1553 1517; x_wconf 85' lang='lat' dir='ltr'>attollat</span> <span class='ocrx_word' id='word_1_88' title='bbox 1599 1453 1764 1518; x_wconf 81' lang='lat' dir='ltr'>diem</span> 
     </span>
    </p>

    <p class='ocr_par' dir='ltr' id='par_1_13' title="bbox 235 1539 1925 1625">
     <span class='ocr_line' id='line_1_15' title="bbox 235 1539 1925 1625; baseline -0.001 -18"><span class='ocrx_word' id='word_1_89' title='bbox 235 1543 363 1607; x_wconf 90' lang='lat' dir='ltr'>nisi</span> <span class='ocrx_word' id='word_1_90' title='bbox 410 1541 581 1606; x_wconf 90' lang='lat' dir='ltr'>cedis</span> <span class='ocrx_word' id='word_1_91' title='bbox 626 1539 889 1606; x_wconf 86' lang='lat' dir='ltr'>Isthmo.</span> <span class='ocrx_word' id='word_1_92' title='bbox 981 1563 1160 1609; x_wconf 86' lang='lat' dir='ltr'>sacra</span> <span class='ocrx_word' id='word_1_93' title='bbox 1203 1563 1306 1605; x_wconf 94' lang='lat' dir='ltr'>me</span> <span class='ocrx_word' id='word_1_94' title='bbox 1351 1541 1621 1605; x_wconf 85' lang='lat' dir='ltr'>thalami</span> <span class='ocrx_word' id='word_1_95' title='bbox 1665 1547 1925 1625; x_wconf 85' lang='lat' dir='ltr'>vocant,</span> 
     </span>
    </p>

    <p class='ocr_par' dir='ltr' id='par_1_14' title="bbox 238 1630 2260 1714">
     <span class='ocr_line' id='line_1_16' title="bbox 238 1630 2260 1714; baseline 0 -19"><span class='ocrx_word' id='word_1_96' title='bbox 238 1635 426 1695; x_wconf 85' lang='lat' dir='ltr'>vocat</span> <span class='ocrx_word' id='word_1_97' title='bbox 470 1630 717 1714; x_wconf 89' lang='lat' dir='ltr'>precari</span> <span class='ocrx_word' id='word_1_98' title='bbox 760 1630 963 1694; x_wconf 84' lang='lat' dir='ltr'>festus</span> <span class='ocrx_word' id='word_1_99' title='bbox 1010 1630 1385 1714; x_wconf 83' lang='lat' dir='ltr'>Hymenaeo</span> <span class='ocrx_word' id='word_1_100' title='bbox 1434 1630 1585 1695; x_wconf 89' lang='lat' dir='ltr'>dies.</span> <span class='ocrx_word' id='word_1_101' title='bbox 2156 1646 2260 1695; x_wconf 87' lang='lat'>300</span> 
     </span>
    </p>
   </div>
   <div class='ocr_carea' id='block_1_5' title="bbox 1076 1840 1424 1907">
    <p class='ocr_par' dir='ltr' id='par_1_15' title="bbox 1076 1840 1424 1907">
     <span class='ocr_line' id='line_1_17' title="bbox 1076 1840 1424 1907; baseline 0 -1"><span class='ocrx_word' id='word_1_102' title='bbox 1076 1840 1424 1907; x_wconf 84' lang='lat' dir='ltr'><strong>CHORVS</strong></span> 
     </span>
    </p>
   </div>
   <div class='ocr_carea' id='block_1_6' title="bbox 561 1965 2265 3118">
    <p class='ocr_par' dir='ltr' id='par_1_16' title="bbox 561 1965 2265 3118">
     <span class='ocr_line' id='line_1_18' title="bbox 692 1965 1899 2051; baseline 0.002 -21"><span class='ocrx_word' id='word_1_103' title='bbox 692 1965 924 2030; x_wconf 85' lang='lat' dir='ltr'>Audax</span> <span class='ocrx_word' id='word_1_104' title='bbox 968 1967 1242 2031; x_wconf 90' lang='lat' dir='ltr'>nimium</span> <span class='ocrx_word' id='word_1_105' title='bbox 1290 1967 1403 2051; x_wconf 92' lang='lat' dir='ltr'>qui</span> <span class='ocrx_word' id='word_1_106' title='bbox 1445 1967 1610 2032; x_wconf 81' lang='lat' dir='ltr'>freta</span> <span class='ocrx_word' id='word_1_107' title='bbox 1653 1968 1899 2051; x_wconf 86' lang='lat' dir='ltr'>primus</span> 
     </span>
     <span class='ocr_line' id='line_1_19' title="bbox 561 2055 1649 2143; baseline -0.001 -22"><span class='ocrx_word' id='word_1_108' title='bbox 561 2060 698 2121; x_wconf 84' lang='lat' dir='ltr'>rate</span> <span class='ocrx_word' id='word_1_109' title='bbox 743 2061 876 2121; x_wconf 85' lang='lat' dir='ltr'>tam</span> <span class='ocrx_word' id='word_1_110' title='bbox 921 2055 1139 2143; x_wconf 81' lang='lat' dir='ltr'>fragili</span> <span class='ocrx_word' id='word_1_111' title='bbox 1183 2056 1429 2141; x_wconf 88' lang='lat' dir='ltr'>perfida</span> <span class='ocrx_word' id='word_1_112' title='bbox 1471 2057 1649 2140; x_wconf 88' lang='lat' dir='ltr'>rupit</span> 
     </span>
     <span class='ocr_line' id='line_1_20' title="bbox 563 2146 1696 2231; baseline 0.001 -22"><span class='ocrx_word' id='word_1_113' title='bbox 563 2150 890 2230; x_wconf 87' lang='lat' dir='ltr'>terrasque</span> <span class='ocrx_word' id='word_1_114' title='bbox 936 2168 1083 2210; x_wconf 88' lang='lat' dir='ltr'>suas</span> <span class='ocrx_word' id='word_1_115' title='bbox 1127 2150 1430 2231; x_wconf 76' lang='lat' dir='ltr'>posterga</span> <span class='ocrx_word' id='word_1_116' title='bbox 1474 2146 1696 2210; x_wconf 86' lang='lat' dir='ltr'>videns</span> 
     </span>
     <span class='ocr_line' id='line_1_21' title="bbox 565 2234 1702 2318; baseline 0.001 -20"><span class='ocrx_word' id='word_1_117' title='bbox 565 2235 845 2298; x_wconf 87' lang='lat' dir='ltr'>animam</span> <span class='ocrx_word' id='word_1_118' title='bbox 887 2235 1140 2299; x_wconf 83' lang='lat' dir='ltr'>levibus</span> <span class='ocrx_word' id='word_1_119' title='bbox 1188 2234 1458 2299; x_wconf 90' lang='lat' dir='ltr'>credidit</span> <span class='ocrx_word' id='word_1_120' title='bbox 1503 2236 1702 2318; x_wconf 86' lang='lat' dir='ltr'>auris,</span> 
     </span>
     <span class='ocr_line' id='line_1_22' title="bbox 563 2323 2263 2407; baseline 0.001 -21"><span class='ocrx_word' id='word_1_121' title='bbox 563 2323 885 2407; x_wconf 86' lang='lat' dir='ltr'>dubioque</span> <span class='ocrx_word' id='word_1_122' title='bbox 930 2344 1152 2388; x_wconf 87' lang='lat' dir='ltr'>secans</span> <span class='ocrx_word' id='word_1_123' title='bbox 1199 2345 1477 2407; x_wconf 88' lang='lat' dir='ltr'>aequora</span> <span class='ocrx_word' id='word_1_124' title='bbox 1521 2346 1710 2388; x_wconf 85' lang='lat' dir='ltr'>cursu</span> <span class='ocrx_word' id='word_1_125' title='bbox 2161 2341 2263 2389; x_wconf 85' lang='lat'>305</span> 
     </span>
     <span class='ocr_line' id='line_1_23' title="bbox 565 2412 1467 2498; baseline 0 -23"><span class='ocrx_word' id='word_1_126' title='bbox 565 2413 779 2496; x_wconf 90' lang='lat' dir='ltr'>potuit</span> <span class='ocrx_word' id='word_1_127' title='bbox 822 2413 1003 2477; x_wconf 85' lang='lat' dir='ltr'>tenui</span> <span class='ocrx_word' id='word_1_128' title='bbox 1045 2412 1241 2476; x_wconf 86' lang='lat' dir='ltr'>fidere</span> <span class='ocrx_word' id='word_1_129' title='bbox 1285 2413 1467 2498; x_wconf 90' lang='lat' dir='ltr'>ligno</span> 
     </span>
     <span class='ocr_line' id='line_1_24' title="bbox 563 2502 1524 2584; baseline 0.001 -20"><span class='ocrx_word' id='word_1_130' title='bbox 563 2502 730 2564; x_wconf 89' lang='lat' dir='ltr'>inter</span> <span class='ocrx_word' id='word_1_131' title='bbox 774 2502 943 2565; x_wconf 84' lang='lat' dir='ltr'>vitae</span> <span class='ocrx_word' id='word_1_132' title='bbox 988 2502 1343 2584; x_wconf 88' lang='lat' dir='ltr'>mortisque</span> <span class='ocrx_word' id='word_1_133' title='bbox 1388 2502 1524 2565; x_wconf 85' lang='lat' dir='ltr'>vias</span> 
     </span>
     <span class='ocr_line' id='line_1_25' title="bbox 563 2590 2262 2675; baseline 0.002 -23"><span class='ocrx_word' id='word_1_134' title='bbox 563 2590 836 2653; x_wconf 91' lang='lat' dir='ltr'>nimium</span> <span class='ocrx_word' id='word_1_135' title='bbox 881 2590 1107 2675; x_wconf 84' lang='lat' dir='ltr'>gracili</span> <span class='ocrx_word' id='word_1_136' title='bbox 1150 2590 1359 2655; x_wconf 87' lang='lat' dir='ltr'>limite</span> <span class='ocrx_word' id='word_1_137' title='bbox 1406 2590 1615 2654; x_wconf 90' lang='lat' dir='ltr'>ducto.</span> <span class='ocrx_word' id='word_1_138' title='bbox 2161 2607 2262 2655; x_wconf 86' lang='lat'>308</span> 
     </span>
     <span class='ocr_line' id='line_1_26' title="bbox 698 2676 2264 2763; baseline 0.001 -22"><span class='ocrx_word' id='word_1_139' title='bbox 698 2676 985 2743; x_wconf 81' lang='lat' dir='ltr'>Candida</span> <span class='ocrx_word' id='word_1_140' title='bbox 1029 2680 1233 2744; x_wconf 89' lang='lat' dir='ltr'>nostri</span> <span class='ocrx_word' id='word_1_141' title='bbox 1279 2680 1534 2743; x_wconf 86' lang='lat' dir='ltr'>saecula</span> <span class='ocrx_word' id='word_1_142' title='bbox 1577 2684 1790 2763; x_wconf 85' lang='lat' dir='ltr'>patres</span> <span class='ocrx_word' id='word_1_143' title='bbox 2162 2696 2264 2743; x_wconf 83' lang='lat'>329</span> 
     </span>
     <span class='ocr_line' id='line_1_27' title="bbox 568 2766 2265 2851; baseline 0.001 -20"><span class='ocrx_word' id='word_1_144' title='bbox 568 2766 807 2850; x_wconf 82' lang='lat' dir='ltr'>videre,</span> <span class='ocrx_word' id='word_1_145' title='bbox 852 2769 1080 2851; x_wconf 90' lang='lat' dir='ltr'>procul</span> <span class='ocrx_word' id='word_1_146' title='bbox 1122 2768 1347 2832; x_wconf 82' lang='lat' dir='ltr'>fraude</span> <span class='ocrx_word' id='word_1_147' title='bbox 1391 2771 1654 2832; x_wconf 83' lang='lat' dir='ltr'>remota.</span> <span class='ocrx_word' id='word_1_148' title='bbox 2161 2784 2265 2833; x_wconf 85' lang='lat'>330</span> 
     </span>
     <span class='ocr_line' id='line_1_28' title="bbox 566 2857 1778 2943; baseline 0.002 -24"><span class='ocrx_word' id='word_1_149' title='bbox 566 2878 682 2920; x_wconf 86' lang='lat' dir='ltr'>sua</span> <span class='ocrx_word' id='word_1_150' title='bbox 728 2857 998 2940; x_wconf 89' lang='lat' dir='ltr'>quisque</span> <span class='ocrx_word' id='word_1_151' title='bbox 1044 2858 1229 2942; x_wconf 89' lang='lat' dir='ltr'>piger</span> <span class='ocrx_word' id='word_1_152' title='bbox 1270 2858 1465 2921; x_wconf 88' lang='lat' dir='ltr'>litora</span> <span class='ocrx_word' id='word_1_153' title='bbox 1509 2861 1778 2943; x_wconf 86' lang='lat' dir='ltr'>tangens</span> 
     </span>
     <span class='ocr_line' id='line_1_29' title="bbox 568 2945 1740 3029; baseline 0.001 -21"><span class='ocrx_word' id='word_1_154' title='bbox 568 2945 903 3029; x_wconf 88' lang='lat' dir='ltr'>patrioque</span> <span class='ocrx_word' id='word_1_155' title='bbox 950 2968 1143 3010; x_wconf 86' lang='lat' dir='ltr'>senex</span> <span class='ocrx_word' id='word_1_156' title='bbox 1187 2946 1397 3010; x_wconf 87' lang='lat' dir='ltr'>factus</span> <span class='ocrx_word' id='word_1_157' title='bbox 1444 2947 1514 3009; x_wconf 90' lang='lat' dir='ltr'>in</span> <span class='ocrx_word' id='word_1_158' title='bbox 1559 2967 1711 3009; x_wconf 86' lang='lat' dir='ltr'>arvo</span> <span class='ocrx_word' id='word_1_159' title='bbox 1722 2996 1740 3029; x_wconf 87' lang='lat'><em>,</em></span> 
     </span>
     <span class='ocr_line' id='line_1_30' title="bbox 566 3034 1675 3118; baseline 0.002 -22"><span class='ocrx_word' id='word_1_160' title='bbox 566 3055 764 3117; x_wconf 83' lang='lat' dir='ltr'>parvo</span> <span class='ocrx_word' id='word_1_161' title='bbox 812 3034 988 3099; x_wconf 86' lang='lat' dir='ltr'>dives</span> <span class='ocrx_word' id='word_1_162' title='bbox 997 3084 1015 3118; x_wconf 90' lang='lat'><strong><em>,</em></strong></span> <span class='ocrx_word' id='word_1_163' title='bbox 1060 3035 1187 3099; x_wconf 91' lang='lat' dir='ltr'>nisi</span> <span class='ocrx_word' id='word_1_164' title='bbox 1234 3057 1392 3118; x_wconf 87' lang='lat' dir='ltr'>quas</span> <span class='ocrx_word' id='word_1_165' title='bbox 1439 3035 1675 3099; x_wconf 83' lang='lat' dir='ltr'>tulerat</span> 
     </span>
    </p>
   </div>
   <div class='ocr_carea' id='block_1_7' title="bbox 243 3172 2273 3670">
    <p class='ocr_par' dir='ltr' id='par_1_17' title="bbox 243 3172 2273 3670">
     <span class='ocr_line' id='line_1_31' title="bbox 389 3172 2269 3243; baseline 0.001 -19"><span class='ocrx_word' id='word_1_166' title='bbox 389 3178 493 3225; x_wconf 75' lang='lat'>287</span> <span class='ocrx_word' id='word_1_167' title='bbox 533 3190 643 3240; x_wconf 87' lang='lat' dir='ltr'>quo</span> <span class='ocrx_word' id='word_1_168' title='bbox 683 3172 920 3242; x_wconf 82' lang='lat' dir='ltr'>sagittat</span> <span class='ocrx_word' id='word_1_169' title='bbox 954 3180 997 3226; x_wconf 80' lang='lat' dir='ltr'><strong>E</strong></span> <span class='ocrx_word' id='word_1_170' title='bbox 1025 3176 1043 3243; x_wconf 78' lang='grc' dir='ltr'>ΙΙ</span> <span class='ocrx_word' id='word_1_171' title='bbox 1072 3178 1177 3227; x_wconf 78' lang='lat'>294</span> <span class='ocrx_word' id='word_1_172' title='bbox 1213 3173 1412 3227; x_wconf 86' lang='lat' dir='ltr'>infelix</span> <span class='ocrx_word' id='word_1_173' title='bbox 1446 3176 1486 3228; x_wconf 83' lang='lat' dir='ltr'>t.</span> <span class='ocrx_word' id='word_1_174' title='bbox 1521 3179 1567 3226; x_wconf 98' lang='lat' dir='ltr'>A</span> <span class='ocrx_word' id='word_1_175' title='bbox 1593 3176 1612 3243; x_wconf 84' lang='grc'>11</span> <span class='ocrx_word' id='word_1_176' title='bbox 1639 3178 1744 3227; x_wconf 77' lang='lat'>296</span> <span class='ocrx_word' id='word_1_177' title='bbox 1781 3173 1946 3227; x_wconf 89' lang='lat' dir='ltr'>nimis</span> <span class='ocrx_word' id='word_1_178' title='bbox 1984 3175 2070 3227; x_wconf 86' lang='lat' dir='ltr'>est</span> <span class='ocrx_word' id='word_1_179' title='bbox 2107 3176 2164 3227; x_wconf 86' lang='lat' dir='ltr'>et</span> <span class='ocrx_word' id='word_1_180' title='bbox 2201 3189 2269 3226; x_wconf 86' lang='lat' dir='ltr'>ex</span> 
     </span>
     <span class='ocr_line' id='line_1_32' title="bbox 243 3243 2268 3317; baseline 0.001 -21"><span class='ocrx_word' id='word_1_181' title='bbox 243 3244 351 3296; x_wconf 90' lang='lat' dir='ltr'>h&#39;oc</span> <span class='ocrx_word' id='word_1_182' title='bbox 391 3243 609 3311; x_wconf 81' lang='lat' dir='ltr'>aliquid</span> <span class='ocrx_word' id='word_1_183' title='bbox 656 3244 915 3298; x_wconf 84' lang='lat' dir='ltr'>abscidas</span> <span class='ocrx_word' id='word_1_184' title='bbox 961 3244 1097 3299; x_wconf 85' lang='lat' dir='ltr'>licet</span> <span class='ocrx_word' id='word_1_185' title='bbox 1136 3251 1182 3298; x_wconf 98' lang='lat' dir='ltr'>A</span> <span class='ocrx_word' id='word_1_186' title='bbox 1235 3248 1253 3315; x_wconf 85' lang='grc' dir='ltr'>ΙΙ</span> <span class='ocrx_word' id='word_1_187' title='bbox 1308 3250 1413 3298; x_wconf 77' lang='lat'>297</span> <span class='ocrx_word' id='word_1_188' title='bbox 1455 3263 1567 3299; x_wconf 68' lang='lat' dir='ltr'>cns.</span> <span class='ocrx_word' id='word_1_189' title='bbox 1608 3248 1665 3298; x_wconf 84' lang='lat' dir='ltr'>et</span> <span class='ocrx_word' id='word_1_190' title='bbox 1701 3244 1737 3298; x_wconf 86' lang='lat' dir='ltr'>i.</span> <span class='ocrx_word' id='word_1_191' title='bbox 1775 3244 2045 3317; x_wconf 71' lang='lat' dir='ltr'>propera!</span> <span class='ocrx_word' id='word_1_192' title='bbox 2071 3243 2268 3314; x_wconf 84' lang='lat' dir='ltr'>Capite</span> 
     </span>
     <span class='ocr_line' id='line_1_33' title="bbox 245 3315 2266 3385; baseline 0 -17"><span class='ocrx_word' id='word_1_193' title='bbox 245 3320 412 3380; x_wconf 77' lang='lat' dir='ltr'>(novo</span> <span class='ocrx_word' id='word_1_194' title='bbox 440 3320 619 3382; x_wconf 73' lang='lat' dir='ltr'>versu)</span> <span class='ocrx_word' id='word_1_195' title='bbox 650 3320 696 3367; x_wconf 88' lang='lat' dir='ltr'>A</span> <span class='ocrx_word' id='word_1_196' title='bbox 722 3318 741 3385; x_wconf 86' lang='grc' dir='ltr'>ΙΙ</span> <span class='ocrx_word' id='word_1_197' title='bbox 769 3321 873 3369; x_wconf 77' lang='lat'>298</span> <span class='ocrx_word' id='word_1_198' title='bbox 912 3315 1094 3370; x_wconf 87' lang='lat' dir='ltr'>clarus</span> <span class='ocrx_word' id='word_1_199' title='bbox 1122 3321 1168 3368; x_wconf 98' lang='lat' dir='ltr'>A</span> <span class='ocrx_word' id='word_1_200' title='bbox 1195 3318 1213 3384; x_wconf 82' lang='grc' dir='ltr'>ΙΙ</span> <span class='ocrx_word' id='word_1_201' title='bbox 1242 3321 1348 3369; x_wconf 88' lang='grc'>300</span> <span class='ocrx_word' id='word_1_202' title='bbox 1376 3332 1475 3370; x_wconf 87' lang='lat' dir='ltr'>om.</span> <span class='ocrx_word' id='word_1_203' title='bbox 1505 3323 1548 3369; x_wconf 82' lang='lat' dir='ltr'><strong>E</strong></span> <span class='ocrx_word' id='word_1_204' title='bbox 1575 3318 1594 3385; x_wconf 84' lang='grc' dir='ltr'>ΙΙ</span> <span class='ocrx_word' id='word_1_205' title='bbox 1623 3321 1719 3368; x_wconf 87' lang='grc'>301</span> <span class='ocrx_word' id='word_1_206' title='bbox 1751 3315 1936 3369; x_wconf 81' lang='lat' dir='ltr'>adfert</span> <span class='ocrx_word' id='word_1_207' title='bbox 1961 3316 2266 3370; x_wconf 56' lang='lat' dir='ltr'>Diomede&amp;</span> 
     </span>
     <span class='ocr_line' id='line_1_34' title="bbox 246 3386 2269 3456; baseline -0.001 -15"><span class='ocrx_word' id='word_1_208' title='bbox 246 3386 335 3452; x_wconf 77' lang='lat' dir='ltr'>of.</span> <span class='ocrx_word' id='word_1_209' title='bbox 355 3387 539 3455; x_wconf 79' lang='lat' dir='ltr'>praef.</span> <span class='ocrx_word' id='word_1_210' title='bbox 570 3404 687 3455; x_wconf 79' lang='lat' dir='ltr'>cap.</span> <span class='ocrx_word' id='word_1_211' title='bbox 709 3388 788 3441; x_wconf 92' lang='lat' dir='ltr'>II</span> <span class='ocrx_word' id='word_1_212' title='bbox 805 3389 824 3455; x_wconf 84' lang='grc' dir='ltr'>ΙΙ</span> <span class='ocrx_word' id='word_1_213' title='bbox 851 3393 1126 3441; x_wconf 79' lang='grc'><strong>301-379</strong></span> <span class='ocrx_word' id='word_1_214' title='bbox 1144 3388 1362 3442; x_wconf 71' lang='lat' dir='ltr'>dimetri</span> <span class='ocrx_word' id='word_1_215' title='bbox 1378 3389 1554 3442; x_wconf 75' lang='lat' dir='ltr'>tribus</span> <span class='ocrx_word' id='word_1_216' title='bbox 1571 3388 1912 3441; x_wconf 80' lang='lat' dir='ltr'>monometris</span> <span class='ocrx_word' id='word_1_217' title='bbox 1930 3388 2045 3456; x_wconf 76' lang='lat'><strong>(317</strong></span> <span class='ocrx_word' id='word_1_218' title='bbox 2066 3403 2269 3440; x_wconf 88' lang='lat' dir='ltr'>nomen</span> 
     </span>
     <span class='ocr_line' id='line_1_35' title="bbox 244 3457 2270 3528; baseline 0.002 -19"><span class='ocrx_word' id='word_1_219' title='bbox 244 3457 320 3523; x_wconf 80' lang='lat' dir='ltr'>h.,</span> <span class='ocrx_word' id='word_1_220' title='bbox 359 3463 463 3510; x_wconf 77' lang='lat'>888</span> <span class='ocrx_word' id='word_1_221' title='bbox 504 3458 607 3527; x_wconf 89' lang='lat' dir='ltr'>sip.</span> <span class='ocrx_word' id='word_1_222' title='bbox 637 3476 705 3525; x_wconf 89' lang='lat' dir='ltr'>v.‚</span> <span class='ocrx_word' id='word_1_223' title='bbox 744 3463 849 3511; x_wconf 79' lang='grc'>379</span> <span class='ocrx_word' id='word_1_224' title='bbox 885 3458 985 3513; x_wconf 88' lang='lat' dir='ltr'>ult.</span> <span class='ocrx_word' id='word_1_225' title='bbox 1017 3459 1140 3527; x_wconf 68' lang='lat' dir='ltr'>Th)</span> <span class='ocrx_word' id='word_1_226' title='bbox 1178 3476 1233 3513; x_wconf 86' lang='grc' dir='ltr'>ω</span> <span class='ocrx_word' id='word_1_227' title='bbox 1270 3461 1289 3527; x_wconf 78' lang='grc' dir='ltr'>ΙΙ</span> <span class='ocrx_word' id='word_1_228' title='bbox 1331 3464 1433 3511; x_wconf 89' lang='grc'>303</span> <span class='ocrx_word' id='word_1_229' title='bbox 1471 3460 1601 3527; x_wconf 88' lang='lat' dir='ltr'>post</span> <span class='ocrx_word' id='word_1_230' title='bbox 1635 3460 1797 3528; x_wconf 83' lang='lat' dir='ltr'>terga</span> <span class='ocrx_word' id='word_1_231' title='bbox 1833 3463 1879 3510; x_wconf 98' lang='lat' dir='ltr'>A</span> <span class='ocrx_word' id='word_1_232' title='bbox 1915 3459 1983 3525; x_wconf 79' lang='lat' dir='ltr'>cf.</span> <span class='ocrx_word' id='word_1_233' title='bbox 2014 3459 2270 3524; x_wconf 66' lang='lat' dir='ltr'>Thomas‘,</span> 
     </span>
     <span class='ocr_line' id='line_1_36' title="bbox 244 3528 2273 3599; baseline 0 -16"><span class='ocrx_word' id='word_1_234' title='bbox 244 3528 479 3584; x_wconf 80' lang='lat' dir='ltr'>Hermes</span> <span class='ocrx_word' id='word_1_235' title='bbox 512 3533 605 3597; x_wconf 80' lang='lat'>28,</span> <span class='ocrx_word' id='word_1_236' title='bbox 636 3533 747 3583; x_wconf 86' lang='lat'>309</span> <span class='ocrx_word' id='word_1_237' title='bbox 774 3532 792 3599; x_wconf 87' lang='grc' dir='ltr'>ΙΙ</span> <span class='ocrx_word' id='word_1_238' title='bbox 820 3535 941 3583; x_wconf 77' lang='grc'><strong>305.</strong></span> <span class='ocrx_word' id='word_1_239' title='bbox 963 3535 1066 3583; x_wconf 85' lang='grc'>306</span> <span class='ocrx_word' id='word_1_240' title='bbox 1104 3530 1204 3584; x_wconf 87' lang='lat' dir='ltr'>del.</span> <span class='ocrx_word' id='word_1_241' title='bbox 1236 3530 1350 3585; x_wconf 88' lang='lat' dir='ltr'>Leo</span> <span class='ocrx_word' id='word_1_242' title='bbox 1378 3533 1395 3599; x_wconf 85' lang='grc' dir='ltr'>ΙΙ</span> <span class='ocrx_word' id='word_1_243' title='bbox 1415 3536 1542 3598; x_wconf 77' lang='lat' dir='ltr'>post</span> <span class='ocrx_word' id='word_1_244' title='bbox 1575 3546 1623 3584; x_wconf 79' lang='lat' dir='ltr'>v.</span> <span class='ocrx_word' id='word_1_245' title='bbox 1654 3534 1757 3582; x_wconf 84' lang='grc'>308</span> <span class='ocrx_word' id='word_1_246' title='bbox 1787 3530 2008 3585; x_wconf 77' lang='lat' dir='ltr'>Richter</span> <span class='ocrx_word' id='word_1_247' title='bbox 2031 3532 2273 3599; x_wconf 73' lang='lat' dir='ltr'>reposuit</span> 
     </span>
     <span class='ocr_line' id='line_1_37' title="bbox 244 3601 2188 3670; baseline 0 -16"><span class='ocrx_word' id='word_1_248' title='bbox 244 3617 329 3654; x_wconf 84' lang='lat' dir='ltr'>vv.</span> <span class='ocrx_word' id='word_1_249' title='bbox 362 3605 673 3668; x_wconf 71' lang='lat' dir='ltr'>aze—334,</span> <span class='ocrx_word' id='word_1_250' title='bbox 711 3601 979 3655; x_wconf 78' lang='lat' dir='ltr'>traditum</span> <span class='ocrx_word' id='word_1_251' title='bbox 1014 3601 1260 3656; x_wconf 78' lang='lat' dir='ltr'>ordinem</span> <span class='ocrx_word' id='word_1_252' title='bbox 1296 3602 1542 3667; x_wconf 77' lang='lat' dir='ltr'>defendit</span> <span class='ocrx_word' id='word_1_253' title='bbox 1578 3602 1662 3655; x_wconf 89' lang='lat' dir='ltr'>M.</span> <span class='ocrx_word' id='word_1_254' title='bbox 1696 3602 1906 3655; x_wconf 70' lang='lat' dir='ltr'>Mdller</span> <span class='ocrx_word' id='word_1_255' title='bbox 1932 3618 1992 3669; x_wconf 75' lang='lat' dir='ltr'>p.</span> <span class='ocrx_word' id='word_1_256' title='bbox 2022 3605 2093 3656; x_wconf 84' lang='lat'>21</span> <span class='ocrx_word' id='word_1_257' title='bbox 2114 3618 2188 3670; x_wconf 76' lang='lat' dir='ltr'>sq.</span> 
     </span>
    </p>
   </div>
   <div class='ocr_carea' id='block_1_8' title="bbox 358 3694 1950 3741">
    <p class='ocr_par' dir='ltr' id='par_1_18' title="bbox 358 3694 1950 3741">
     <span class='ocr_line' id='line_1_38' title="bbox 358 3694 1950 3741; baseline 0.001 -2"><span class='ocrx_word' id='word_1_258' title='bbox 358 3698 577 3739; x_wconf 62' lang='lat' dir='ltr'>Stin-:ou</span> <span class='ocrx_word' id='word_1_259' title='bbox 606 3709 797 3740; x_wconf 64' lang='lat' dir='ltr'>mucor:</span> <span class='ocrx_word' id='word_1_260' title='bbox 798 3710 929 3739; x_wconf 57' lang='lat' dir='ltr'>nnnnn</span> <span class='ocrx_word' id='word_1_261' title='bbox 1919 3694 1950 3741; x_wconf 84' lang='lat'>9</span> 
     </span>
    </p>
   </div>
  </div>
 </body>
</html>
