2658 4117
403 259 534 324 356
1048 258 1106 309 L.
1138 256 1238 309 AN
1242 253 1421 309 NAEI
1458 256 1783 310 SENECAE

400 427 572 468 mors
620 403 976 467 differatur:
1020 402 1244 486 frange
1290 406 1365 466 ut
1411 403 1730 466 insontem
1776 401 2046 485 Lichan,

400 495 558 557 alias
606 494 675 556 in
719 492 909 556 urbes
958 512 1186 576 sparge
1233 495 1296 554 et
1342 492 1639 577 ignotum
1684 491 1807 554 tibi

400 584 657 646 inmitte
703 582 773 645 in
818 581 1065 664 orbem3
1111 580 1304 663 perde
1351 584 1425 644 ut
1462 578 1773 644 Arcadiae
1816 579 1997 644 nefas
2323 596 2429 645 980

400 676 464 736 et
512 670 817 754 quicquid
863 670 1038 733 aliud
1083 670 1348 733 restitit:
1394 670 1474 733 ab
1523 670 1652 732 illis
1699 674 1941 751 tamen,

401 760 681 827 coniunx
691 811 708 843 ,
753 759 992 823 redisti.
1083 776 1240 822 HYL.
1293 758 1492 822 Parce
1539 759 1694 840 iam,
1740 762 1958 841 mater,
2004 780 2247 843 precor,

400 852 663 935 ignosce
708 848 885 933 fatis3
932 869 1107 912 error
1152 870 1190 910 a
1237 849 1426 931 culpa
1471 851 1671 911 vacat.

400 957 540 1002 DEI.
590 936 661 1002 Si
705 960 854 1002 vera
899 938 1123 1020 pietas,
1170 935 1395 1020 Hylle,
1443 936 1802 1019 quaerenda
1850 940 1947 1000 est
1992 937 2140 1020 tibi,

401 1029 529 1091 iam
557 1028 799 1112 perime
828 1030 1097 1090 matrem
1129 1064 1210 1070 —
1240 1026 1491 1109 trepida
1529 1026 1682 1108 quid
1710 1026 1976 1089 tremuit
2004 1025 2273 1090 manus‘?
2322 1043 2427 1092 985

403 1117 557 1201 quid
605 1138 716 1180 ora
761 1115 1015 1179 flectis?
1061 1115 1185 1179 hoc
1233 1115 1354 1179 erit
1399 1116 1605 1199 pietas
1652 1115 1875 1178 scelus,

403 1206 629 1289 ignave
679 1204 976 1268 dubitas?
1023 1203 1365 1269 Herculem
1414 1204 1648 1286 eripuit
1693 1204 1815 1268 tibi

400 1293 585 1376 haec,
629 1293 788 1357 haec
833 1294 1105 1377 peremit
1152 1292 1375 1356 dextra
1421 1294 1525 1356 cui
1572 1291 1763 1357 debes
1811 1294 1980 1377 patri

402 1405 592 1447 avum
631 1381 1006 1446 Tonantem.
1096 1382 1302 1445 maius
1352 1382 1557 1465 eripui
1604 1383 1824 1465 (188118,

404 1494 595 1555 quam
643 1471 711 1534 in
755 1471 899 1536 luce
945 1471 1160 1535 tribui.
1254 1471 1307 1534 si
1354 1471 1477 1535 tibi
1521 1471 1817 1556 ignotum
1865 1475 1961 1535 est
2008 1471 2213 1556 nefas,
2322 1489 2424 1537 990

402 1583 439 1625 a
486 1565 687 1625 matre
736 1561 922 1625 disce.
1015 1582 1127 1624 8811
1172 1560 1293 1624 tibi
1342 1560 1565 1645 iugulo
1612 1561 1825 1642 placet

401 1650 696 1714 mersisse
742 1650 980 1713 ferrum
1029 1649 1162 1713 sive
1208 1653 1565 1713 maternum
1612 1648 1771 1713 libet

404 1740 701 1804 invadere
745 1743 1027 1820 uterum,
1071 1741 1280 1801 mater
1322 1738 1713 1822 intrepidum
1759 1738 1883 1803 tibi

403 1828 737 1913 praebebit
782 1828 1083 1891 animum.
1175 1849 1307 1891 non
1355 1827 1477 1891 erit
1521 1831 1773 1891 tantum
1821 1828 2027 1891 scelus

403 1939 441 1980 a
486 1921 550 1980 te
595 1920 950 1999 peractum:
998 1917 1256 1980 dextera
1302 1921 1548 1981 sternar
1591 1920 1729 1998 tua,
2324 1933 2429 1982 995

405 2006 515 2071 sed
562 2009 775 2070 mente
820 2010 1056 2070 nostra.
1146 2009 1336 2070 natus
1373 2003 1666 2089 Alcidae,
1710 2005 1942 2070 times?

405 2096 498 2159 ita
542 2097 722 2159 nulla
765 2116 1030 2179 perages
1077 2095 1248 2158 iussa
1292 2117 1412 2160 nec
1457 2095 1712 2180 franges
1759 2096 1928 2159 mala

406 2184 603 2269 [erres
649 2206 764 2268 per
811 2183 1046 2248 orbem.
1138 2185 1195 2248 si
1242 2206 1368 2266 qua
1413 2189 1708 2248 nascetur
1751 2184 1915 2268 fera]

407 2272 685 2337 referens
732 2276 1059 2356 parentem
1074 2273 1107 2336 ’ἓ
1155 2274 1480 2337 dexteram
1527 2273 1910 2357 intrepidam
1956 2297 2125 2357 para.

406 2366 584 2446 patet
631 2383 775 2426 ecce
821 2363 1082 2445 plenum
1130 2366 1356 2445 pectus
1404 2363 1749 2426 aerumnis:
1795 2362 1932 2426 feri.
2291 2379 2431 2429 1000

405 2452 614 2516 scelus
659 2451 918 2514 remitto
932 2500 949 2533 ,
995 2452 1286 2515 dexterae
1333 2454 1599 2535 parcent
1644 2455 1790 2515 tuae

405 2539 795 2604 Eumenides
843 2540 1017 2623 ipsae
1058 2579 1139 2585 -—
1178 2540 1516 2605 verberum
1564 2541 1810 2623 crepuit
1857 2562 2068 2605 sonus,

406 2651 717 2713 quaenam
766 2629 890 2692 ista
933 2633 1240 2712 torquens
1287 2651 1496 2714 angue
1541 2629 1791 2693 vibrato
1840 2650 2089 2693 comam

403 2717 803 2801 temporibus
851 2722 1019 2782 atras
1067 2719 1374 2801 squalidis
1420 2719 1649 2801 pinnas
1698 2719 1947 2800 quatit?

407 2806 561 2891 quid
608 2829 709 2871 me
754 2807 1056 2893 flagranti
1102 2808 1238 2871 dira
1283 2807 1681 2891 persequeris
1727 2808 1891 2889 face,
2294 2825 2432 2873 1005

406 2895 747 2981 Megaera?
794 2918 1032 2980 poenas
1079 2897 1295 2981 poscis
1334 2894 1643 2960 Alcidae?
1692 2897 1874 2961 dabo.

548 3058 651 3106 978
689 3053 935 3121 Lycham
974 3059 1017 3105 Ε
1054 3053 1223 3107 licam
1259 3058 1304 3105 A
1358 3055 1377 3121 ΙΙ
1440 3058 1544 3106 980
1582 3053 1777 3107 emitte
1814 3057 1859 3104 A
1912 3056 1931 3123 ΙΙ
1995 3059 2091 3107 981
2129 3053 2298 3108 cessit
2334 3060 2377 3106 E
2424 3056 2430 3126 Ι

405 3123 651 3178 imbellis
688 3127 879 3178 tamen
916 3126 981 3179 ci.
1022 3125 1155 3179 Birt
1198 3127 1217 3193 ΙΙ
1262 3129 1367 3177 982
1403 3140 1660 3193 parce—
1683 3141 1879 3193 precor
1915 3142 2015 3179 om.
2054 3132 2096 3178 Ε
2133 3127 2152 3195 ΙΙ
2189 3131 2292 3178 985
2331 3142 2435 3195 pa—

404 3197 542 3250 uida
585 3195 722 3263 quid
759 3201 804 3248 A
837 3199 844 3265 Ι
876 3195 1063 3250 renuit
1102 3196 1322 3250 Gronov
1385 3199 1404 3265 ΙΙ
1467 3201 1571 3249 986
1607 3196 1747 3250 11888
1784 3202 1827 3248 Ε
1890 3198 1910 3266 ΙΙ
1972 3202 2074 3250 987
2114 3196 2296 3266 eripui
2333 3202 2378 3249 A
2415 3199 2435 3269 {j

408 3274 512 3320 988
552 3267 782 3321 dextera
818 3274 860 3320 E
914 3269 932 3335 ΙΙ
988 3271 1093 3320 994
1128 3269 1311 3321 totum
1351 3267 1529 3321 scelus
1568 3272 1613 3319 A
1662 3271 1681 3336 ΙΙ
1735 3273 1837 3320 995
1876 3285 1977 3322 om.
2007 3275 2050 3321 E
2095 3270 2114 3337 ΙΙ
2167 3273 2273 3321 996
2309 3269 2430 3323 Alc.

406 3339 515 3392 tibi
545 3343 589 3391 E
616 3340 635 3406 ΙΙ
664 3343 767 3391 997
805 3354 1044 3409 peragas
1081 3339 1117 3392 i.
1147 3356 1200 3391 n.
1230 3354 1505 3408 peragens
1532 3357 1605 3392 m.
1635 3344 1680 3391 A
1706 3340 1726 3408 ΙΙ
1753 3343 1857 3391 998
1896 3355 1995 3394 om.
2025 3346 2068 3392 Ε
2106 3341 2205 3394 del.
2236 3341 2436 3409 Peiper

409 3410 502 3476 (cf.
519 3410 632 3464 Leo
646 3411 824 3477 1211)
846 3410 865 3481 Η
883 3415 988 3463 999
1005 3410 1215 3464 referas
1230 3415 1275 3462 A
1287 3410 1495 3463 referes
1510 3416 1552 3462 Ε
1572 3428 1706 3465 corr.
1721 3411 1834 3464 Leo
1854 3410 1872 3481 ΙΙ
1891 3416 2018 3464 1001
2038 3426 2269 3480 parcam
2284 3413 2391 3464 A(v)
2415 3414 2433 3480 ΙΙ

406 3485 540 3531 1008
579 3481 752 3549 angui
788 3486 830 3532 Ε
868 3482 1001 3551 igne
1038 3482 1112 3535 N.
1144 3482 1413 3536 Heinsius
1441 3498 1500 3550 p.
1531 3486 1635 3535 411
1668 3482 1678 3552 Ι
1708 3481 1936 3551 uipereo
1975 3500 2029 3537 ω
2067 3498 2202 3536 corr.
2234 3483 2436 3551 Pet-‘per

409 3551 530 3602 coll.
551 3551 653 3614 Hs.
676 3568 721 3604 v.
747 3555 857 3605 789
884 3555 903 3622 ΙΙ
929 3558 1063 3605 1004
1090 3553 1283 3607 hastas
1312 3559 1355 3605 Ε
1386 3555 1547 3622 aptas
1568 3554 1805 3624 Madvig]
1831 3554 1903 3607 ΙΙ
1928 3557 2039 3608 126
2068 3554 2077 3623 Ι
2109 3568 2323 3622 pennas
2343 3558 2388 3605 A
2416 3554 2435 3623 Η

410 3622 541 3669 1005
579 3619 852 3688 flagrante
889 3628 934 3675 A
961 3627 980 3692 Η
1006 3629 1139 3677 1006
1175 3623 1361 3693 poscit
1396 3624 1621 3679 Alcides
1660 3630 1705 3677 A
