2658 4117
1189 236 1565 290 THYESTES
2262 240 2304 303 2
2310 240 2395 304 83

364 402 617 448 accerse
664 384 728 445 et
775 381 972 464 imple
1009 380 1280 446 Tantalo
1329 385 1534 445 totam
1584 381 1862 447 domum.

365 474 628 534 ornetur
673 471 875 534 altum
924 471 1220 534 columen
1265 474 1329 534 et
1374 472 1555 534 lauro
1601 471 1771 535 fores

363 560 568 623 laetae
614 559 960 641 virescant,
1007 558 1240 644 dignus
1287 560 1564 622 adventu
1611 562 1725 623 tuo
2325 576 2395 626 55

363 648 767 732 splendescat
812 647 981 732 ignis
1021 685 1104 693 -—
1143 647 1490 711 Thracium
1536 649 1653 711 fiat
1697 648 1876 711 nefas

363 738 607 801 maiore
654 757 936 800 numer0.
1031 736 1254 800 dextra
1301 757 1415 800 cur
1458 737 1673 820 patrui
1718 737 1947 801 vacat?

360 826 648 888 nondum
685 824 996 908 Thyestes
1043 825 1280 888 liberos
1328 825 1520 889 deflet
1566 846 1714 889 suos
1760 861 1840 870 —-

358 917 426 977 et
473 914 727 996 quando
775 912 1004 977 tollet?
1050 913 1312 999 ignibus
1359 914 1488 977 iam
1536 913 1812 977 subditis

360 1006 665 1085 spument
711 1024 894 1084 aena,
940 1002 1228 1066 membra
1273 1018 1390 1086 per
1433 1006 1647 1085 partes
1696 1006 1845 1066 eant
2323 1020 2392 1067 60

363 1091 709 1175 discerpta,
753 1095 1018 1174 patruos
1063 1091 1314 1173 polluat
1361 1091 1623 1175 sanguis
1668 1090 1875 1173 focos,

357 1181 589 1264 epulae
635 1181 1038 1248 instruantur
1080 1216 1155 1224 —
1196 1200 1326 1242 non
1373 1180 1529 1243 novi
1575 1177 1832 1243 sceleris
1876 1179 2000 1243 tibi

362 1269 633 1332 conviva
677 1269 912 1335 venies,
1002 1269 1277 1332 liberum
1327 1267 1618 1355 dedimus
1665 1268 1833 1331 diem

356 1360 666 1440 tuamque
713 1356 793 1420 ad
839 1358 994 1421 istas
1041 1358 1351 1421 solvimus
1402 1378 1654 1421 mensas
1700 1356 1963 1420 famem:

359 1446 598 1510 ieiunia
644 1445 858 1529 exple,
904 1445 1145 1509 mixtus
1192 1446 1261 1508 in
1305 1444 1633 1509 Bacchum
1682 1466 1869 1509 cruor
2320 1460 2389 1509 65

362 1538 692 1617 spectante
738 1538 802 1598 te
848 1537 1135 1618 potetur3
1182 1534 1400 1597 inveni
1447 1534 1640 1617 dapes

356 1644 520 1706 quas
567 1624 703 1706 ipse
747 1624 1003 1708 fugeres
1042 1660 1129 1668 -
1167 1624 1348 1706 siste,
1396 1644 1522 1705 quo
1570 1641 1875 1705 praeceps
1919 1621 2097 1685 ruis?

359 1728 564 1775 TANT.
611 1710 715 1775 Ad
761 1715 987 1796 stagna
1034 1715 1099 1775 et
1145 1733 1364 1775 amnes
1411 1714 1475 1774 et
1517 1710 1884 1775 recedentes
1931 1732 2128 1792 aquas

357 1798 683 1882 labrisque
730 1801 809 1864 ab
857 1800 1014 1883 ipsis
1063 1801 1310 1864 arboris
1357 1802 1583 1883 plenae
1627 1799 1833 1883 fugas.

357 1888 533 1951 abire
578 1889 647 1951 in
694 1892 901 1964 atrum
951 1889 1218 1953 carceris
1264 1890 1458 1953 liceat
1501 1888 1629 1951 mei
1870 1966 1874 1970 .
2319 1904 2386 1953 70

350 1976 595 2061 cubile,
638 1977 856 2060 liceat,
902 1977 958 2040 si
1003 1999 1230 2061 parum
1277 1977 1499 2058 videor
1542 1977 1755 2057 miser,

356 2069 606 2130 mutare
651 2067 851 2151 ripas:
901 2068 1080 2131 alveo
1129 2066 1377 2130 medius
1421 2071 1567 2148 tuo,

355 2153 790 2241 Phlegethon,
835 2155 1163 2238 relinquar
1207 2155 1398 2242 igneo
1447 2154 1694 2220 cinctus
1739 2154 1923 2217 fret0.

354 2243 744 2327 quicumque
791 2265 1031 2328 poenas
1077 2245 1220 2329 lege
1263 2245 1547 2308 fatorum
1595 2243 1776 2306 datas

316 2333 492 2414 ‘pati
538 2332 803 2416 iuberis,
850 2333 1140 2435 quisquis
1188 2354 1377 2396 exeso
1425 2333 1593 2396 iaces
2318 2348 2384 2397 75

353 2421 624 2503 pavidus
673 2420 791 2485 sub
840 2425 1023 2485 antro
1071 2423 1327 2504 iamque
1373 2421 1628 2485 venturi
1671 2421 1861 2483 times

353 2510 594 2574 montis
639 2511 919 2593 ruinam,
967 2511 1258 2593 quisquis
1306 2511 1638 2574 avidorum
1683 2510 1854 2572 feros

350 2597 552 2662 rictus
597 2600 859 2662 leonum
907 2603 971 2662 et
1017 2599 1154 2662 dira
1197 2597 1536 2662 Furiarum
1583 2597 1843 2682 agmina

351 2685 705 2770 implicitus
750 2685 998 2770 horres,
1047 2687 1339 2770 quisquis
1386 2687 1705 2750 immissas
1750 2686 1922 2748 faces

346 2775 697 2840 semiustus
744 2776 982 2860 abigis,
1028 2775 1284 2839 Tantali
1329 2797 1553 2841 vocem
1602 2774 1824 2856 excipe
2312 2790 2381 2837 80

346 2865 753 2947 properantis
801 2863 881 2927 ad
926 2886 1066 2928 vos:
1114 2864 1353 2928 credite
1400 2866 1662 2946 experto
1710 2862 1900 2943 mihi,

347 2955 562 3017 amate
607 2974 866 3036 poenas.
959 2953 1214 3036 quando
1263 2952 1596 3037 continget
1641 2949 1803 3013 mihi

494 3165 565 3214 5³
601 3176 818 3214 arcesse
853 3165 990 3231 ψ(τ
1054 3162 1300 3232 [accerse
1338 3166 1383 3213 R
1421 3165 1493 3215 10
1530 3160 1668 3213 Vad.
1708 3174 1929 3213 acresce
1966 3160 2097 3230 Aa]
2148 3162 2156 3229 Ι
2206 3158 2379 3228 imple

346 3230 556 3284 scelere
593 3231 927 3285 Tantaleam
1003 3249 1192 3285 omum
1229 3236 1274 3284 A
1319 3232 1338 3300 ΙΙ
1381 3237 1448 3284 56
1487 3230 1804 3285 slendescat
1838 3237 1881 3282 Ε
1918 3231 1936 3298 ΙΙ
1974 3235 2043 3282 60
2081 3232 2379 3299 spumante

346 3317 490 3355 aeno
529 3306 574 3354 A
618 3303 637 3371 ΙΙ
684 3308 745 3355 61
781 3303 996 3371 patrios
1035 3320 1090 3358 ω
1127 3320 1263 3358 corr.
1295 3303 1521 3358 Richter
1556 3302 1721 3371 symb.
1749 3318 1810 3370 p.
1840 3305 1915 3355 38
1946 3304 1954 3370 Ι
1988 3300 2217 3370 sanguis
2256 3318 2380 3370 scy-

346 3373 490 3441 phos
521 3374 762 3443 ‘Bentley
789 3376 807 3442 ΙΙ
835 3379 902 3426 67
940 3389 1133 3442 preces
1169 3373 1286 3426 ruis
1323 3380 1366 3426 Ε
1395 3375 1414 3443 ΙΙ
1442 3378 1509 3426 68
1550 3373 1623 3426 ad
1661 3374 1728 3426 st.
1769 3374 1826 3426 et
1862 3387 2055 3425 manes
2093 3379 2135 3425 Ε
2175 3372 2377 3441 (amnis

345 3444 423 3496 ad
459 3445 525 3498 ci.
556 3444 801 3511 Richter)
839 3447 858 3513 ΙΙ
899 3450 968 3499 ’10
1006 3446 1229 3498 antrum
1266 3450 1308 3496 Ε
1343 3447 1351 3513 Ι
1383 3444 1555 3498 liceat
1590 3443 1731 3496 mihi
1768 3444 1944 3498 Bothe
1987 3445 2006 3511 ΙΙ
2052 3449 2120 3496 ’12
2157 3446 2377 3497 mutare

345 3513 469 3582 ipse
489 3521 531 3567 Ε
564 3517 572 3583 Ι
605 3514 806 3569 melius
827 3516 901 3569 N.
926 3515 1194 3570 Heinsius
1214 3532 1272 3584 10.
1295 3518 1371 3569 36
1397 3518 1415 3584 ΙΙ
1444 3520 1513 3567 ’16
1540 3514 1750 3582 quique
1777 3532 1826 3567 v.
1848 3516 1888 3568 t.
1910 3519 1955 3567 A
1981 3516 2000 3584 ΙΙ
2029 3521 2095 3568 ’17
2124 3513 2269 3569 feres
2288 3522 2331 3567 Ε
2358 3514 2377 3586 Η

346 3589 418 3637 82
448 3592 575 3655 post
609 3603 657 3640 v.
690 3591 758 3638 84
794 3593 836 3639 Ε
879 3587 1147 3653 (ordinem
1183 3602 1318 3641 corr.
1352 3587 1423 3640 αῖ.
1455 3603 1507 3640 m
1511 3589 1549 3653 )
