2658 4117
1122 214 1438 270 OCTAVIA
2158 215 2293 279 423

582 362 792 444 fulvo,
837 360 1084 444 Danae,
1128 361 1320 425 fluxit
1365 360 1432 424 in
1480 381 1652 424 auro.

583 450 858 514 formam
907 447 1136 533 Sparte
1183 450 1379 514 iactet
1423 448 1718 513 alumnae

582 538 736 603 licet
781 542 846 602 et
890 538 1216 625 Phrygius
1262 538 1545 622 praemia
1590 540 1838 621 pastor:

580 627 797 691 vincet
842 627 1058 691 vultus
1104 628 1263 692 haec
1299 626 1701 711 Tyndaridos
2193 642 2294 690 775

584 716 696 799 qui
741 721 1081 781 moverunt
1124 715 1387 780 horrida
1433 715 1605 780 bella

581 804 1030 889 Phrygiaeque
1077 804 1215 869 solo
1263 826 1465 889 regna
1512 804 1755 868 dedere.

716 892 843 959 Sed
890 894 1032 977 quis
1079 914 1302 978 gressu
1348 894 1479 957 ruit
1526 893 1804 956 attonito

579 985 692 1045 aut
741 982 898 1065 quid
942 986 1160 1065 portat
1205 985 1465 1066 pectore
1512 980 1789 1045 anhelo?

863 1192 1257 1259 NVNTIVS
1333 1192 1685 1259 CHORVS

392 1318 796 1403 Quicumque
844 1319 1034 1383 tectis
1081 1320 1357 1383 excubat
1402 1319 1587 1383 miles
1634 1318 1844 1401 ducis,
2189 1330 2293 1381 ’180

253 1408 556 1474 defendat
600 1409 814 1472 aulam
862 1408 967 1473 cui
1011 1408 1194 1472 furor
1239 1408 1466 1491 populi
1513 1407 1825 1471 imminet.

252 1497 494 1582 trepidi
541 1496 838 1563 cohortes
885 1517 1029 1561 ecce
1074 1496 1385 1579 praefecti
1430 1496 1697 1560 trahunt

253 1586 575 1670 praesidia
621 1584 703 1649 ad
748 1585 956 1667 urbis,
1001 1584 1171 1648 victa
1216 1606 1336 1648 nec
1382 1584 1551 1648 cedit
1596 1587 1775 1647 metu

249 1678 570 1758 concepta
613 1674 824 1737 rabies
870 1677 1138 1755 temere,
1185 1674 1294 1736 sed
1340 1673 1506 1735 vires
1554 1671 1745 1754 capit.

259 1779 462 1827 CHOR.
509 1760 664 1838 Quis
712 1763 833 1826 iste
879 1763 1127 1825 mentes
1173 1761 1379 1846 agitat
1424 1759 1737 1824 attonitus
1784 1759 2007 1824 furor‘?
2189 1774 2291 1824 ’185

257 1869 468 1915 NVNT.
516 1849 819 1915 Octaviae
863 1850 1084 1914 favore
1129 1870 1431 1933 percussa
1476 1848 1737 1933 agmina

255 1944 323 2005 et
370 1939 629 2003 efferata
674 1961 790 2022 per
833 1939 1015 2003 nefas
1061 1938 1288 2023 ingens
1335 1940 1548 2001 ruunt.

258 2044 462 2093 CHOR.
512 2025 682 2104 Quid
727 2048 882 2092 ausa
925 2027 1136 2092 facere
1182 2048 1392 2111 quove
1439 2025 1711 2091 consilio
1758 2027 1932 2090 doce.

250 2135 465 2182 NVNT.
512 2115 800 2182 Reddere
844 2120 1109 2201 penates
1156 2114 1461 2181 Claudiae
1508 2114 1640 2178 divi
1685 2119 1916 2197 parant

255 2212 561 2290 torosque
606 2205 852 2289 fratris,
897 2204 1180 2269 debitam
1226 2207 1475 2288 partem
1523 2204 1770 2286 imperi.
2187 2220 2290 2268 ’190

256 2311 463 2359 OHOR.
512 2292 687 2370 Quos
735 2295 863 2358 iam
908 2297 1087 2359 tenet
1132 2293 1433 2377 Poppaea
1478 2292 1779 2356 concordi
1824 2291 1994 2356 fide?

257 2401 468 2447 NVNT.
516 2381 644 2447 Hic
690 2384 822 2447 urit
866 2383 1115 2446 animos
1161 2382 1462 2465 pertinax
1495 2380 1780 2444 ‘nimium
1824 2381 2010 2446 favor

252 2476 323 2536 et
368 2473 437 2536 in
480 2471 766 2536 furorem
811 2475 1052 2535 temere
1097 2470 1480 2554 praecipites
1527 2469 1691 2554 agit:

256 2581 696 2643 quaecumque
744 2559 916 2624 claro
965 2581 1282 2624 marmore
1331 2558 1576 2644 effigies
1626 2558 1806 2621 stetit

252 2653 369 2713 aut
415 2670 559 2714 aere
603 2649 889 2734 fulgens,
938 2670 1050 2712 ora
1094 2646 1432 2732 Poppaeae
1479 2667 1736 2732 gerens,
2186 2662 2288 2710 795

254 2738 498 2802 afflicta
541 2738 725 2822 vulgi
771 2737 1067 2801 manibus
1115 2740 1179 2800 et
1225 2757 1415 2801 saevo
1461 2736 1627 2799 iacet

255 2848 476 2891 eversa
520 2828 717 2911 ferr03
764 2826 1053 2890 membra
1098 2847 1213 2908 per
1257 2827 1472 2909 partes
1519 2823 1787 2888 trahunt

252 2914 528 2979 deducta
572 2914 849 2998 laqueis,
897 2915 1178 2979 obruunt
1223 2913 1402 2997 turpi
1449 2913 1558 2977 diu

255 3003 502 3068 calcata
549 3024 762 3068 caeno.
855 3002 1050 3067 verba
1095 3003 1485 3067 conveniunt
1530 3000 1682 3064 feris

396 3147 501 3198 7⁰72
549 3142 774 3211 daphne
832 3142 915 3196 vel
978 3141 1222 3209 dampne
1279 3139 1502 3209 (danne,
1560 3138 1706 3193 dane
1751 3139 1828 3205 ψ)
1874 3141 1945 3203 A,
2004 3153 2141 3193 corr.
2191 3155 2234 3190 α
2277 3137 2283 3208 Ι

250 3212 416 3266 fulsit
451 3226 507 3278 ψ
571 3216 590 3282 Η
653 3218 756 3266 ’115
795 3212 971 3267 vincit
1006 3212 1289 3267 Baehrens
1341 3212 1361 3278 η
1424 3214 1530 3262 ’179
1567 3211 1794 3278 pectore
1829 3209 2022 3277 portat
2058 3211 2104 3261 A
2148 3224 2285 3263 corr.

250 3285 321 3339 L.
362 3284 575 3339 Miiller
621 3285 868 3353 (pectore
925 3282 1064 3351 quid
1119 3282 1310 3351 portat
1356 3281 1429 3334 B.
1470 3280 1713 3335 Schmidt
1766 3281 1818 3334 d.
1867 3296 1961 3334 em.
2010 3285 2076 3334 tr.
2128 3280 2221 3349 66)
2269 3279 2289 3350 ΙΙ

249 3355 416 3410 inser.
465 3371 564 3410 om.
603 3366 659 3421 ψ
723 3357 742 3424 ΙΙ
805 3360 911 3407 ’180
947 3353 1110 3407 miles
1157 3352 1375 3406 exultat
1410 3355 1456 3402 A
1510 3366 1644 3406 corr.
1684 3352 1860 3406 Bothe
1906 3352 1998 3419 (m.
2049 3349 2289 3404 excubat

248 3427 590 3496 Raphelinq)
643 3428 662 3494 ΙΙ
725 3431 829 3478 ’185
877 3423 1150 3479 attonitas
1195 3434 1251 3489 ψ
1305 3426 1325 3492 ΙΙ
1380 3427 1484 3476 ’186
1521 3421 1706 3476 furore
1743 3427 1789 3474 A
1833 3437 1968 3476 corr.
2014 3422 2234 3476 Gronov
2269 3421 2288 3493 ΙΙ

251 3501 359 3549 ’192
396 3495 551 3552 furor
586 3501 632 3548 A
678 3513 814 3552 corr.
854 3507 910 3562 ψ
957 3498 974 3566 ΙΙ
1020 3500 1124 3548 ’195
1164 3496 1264 3548 aut
1301 3509 1399 3548 ara
1436 3498 1482 3545 A
1527 3511 1661 3550 corr.
1703 3494 1935 3562 Lipsius
1988 3495 2007 3561 ΙΙ
2061 3497 2164 3545 ’198
2204 3492 2310 3545 di·-

249 3566 426 3621 ducta
462 3572 508 3619 A
544 3583 681 3624 corr.
711 3579 767 3634 ψ
