2658 4117
218 1805 1214 1928 HEROVLES
1268 1721 1274 1726 ’
1319 1809 1580 1929 [OE
1609 1733 2240 1932 TAEVSJ

376 2565 535 2603 Nota.
603 2564 852 2604 Herculem
890 2565 1111 2606 Oetaeum
1149 2577 1177 2604 a
1214 2565 1388 2605 Seneca
1424 2566 1778 2619 abiudicandam
1817 2579 1915 2607 esse
1951 2570 2099 2606 totam
2136 2570 2240 2614 post

213 2617 530 2656 N Heinsium
560 2621 605 2656 et
631 2618 731 2657 Ric.
758 2618 1019 2658 Bentleium
1058 2621 1103 2657 et
1128 2618 1229 2666 ipse
1257 2619 1488 2667 quondam
1517 2623 1768 2659 statueram
1805 2620 1891 2670 (De
1920 2620 2093 2659 Seneca
2121 2624 2238 2668 trag.

215 2672 402 2710 auctore
444 2682 485 2717 p.
516 2671 585 2722 31)
627 2674 674 2710 et
714 2672 795 2710 Th.
833 2672 936 2711 Birt
977 2672 1142 2711 statuit
1183 2671 1316 2722 (Mus.
1355 2672 1499 2711 Rhen.
1538 2675 1590 2713 34
1627 2684 1669 2719 p.
1699 2673 1816 2724 509);
1863 2673 2057 2712 sublatis
2099 2673 2238 2712 initio

213 2723 401 2762 fabulae
430 2722 487 2773 (v,
517 2724 692 2775 1—232)
730 2727 775 2763 et
801 2724 891 2763 fine
920 2724 1040 2775 (1691
1073 2725 1186 2776 sqq.)
1216 2725 1463 2774 genuinam
1491 2726 1694 2773 relinqui
1722 2726 1922 2765 Senecae
1950 2725 2239 2774 tragoediam

213 2776 263 2815 P.
291 2776 564 2815 Habrueker
604 2778 803 2816 coniecit
846 2777 1046 2828 (Quaest.
1084 2778 1365 2818 Annaeanae
1401 2790 1443 2826 p.
1473 2778 1555 2829 49).
1625 2779 1779 2818 Solam
1817 2779 2015 2826 priorem
2052 2779 2238 2817 fabulae

213 2833 392 2877 partem
421 2829 614 2880 (1—705)
642 2842 670 2869 a
699 2830 872 2870 Seneca
901 2843 999 2871 esse
1027 2833 1282 2879 profectam
1311 2843 1506 2880 eumque
1525 2833 1754 2879 integram
1774 2832 1828 2870 de
1849 2832 2064 2871 Herculis
2093 2834 2236 2871 morte

213 2884 502 2930 tragoediam
540 2884 739 2924 scribere
774 2884 825 2923 in
862 2888 1011 2923 mente
1061 2896 1154 2924 non
1190 2885 1406 2925 habuisse
1447 2885 1499 2923 F.
1528 2886 1620 2925 Leo
1669 2884 1852 2932 copiose
1891 2887 2240 2933 argumentatur

213 2937 255 2986 (Ι
284 2937 372 2988 ⁷4);
416 2938 625 2986 singulas
671 2938 824 2985 potius
866 2949 970 2977 eum
1012 2938 1251 2985 scripsisse
1298 2950 1507 2988 scaenas,
1551 2939 1742 2978 alteram
1781 2938 1836 2976 de
1873 2938 2133 2986 virginibus
2181 2949 2239 2977 ex

215 2989 436 3030 Oechalia
455 2991 678 3040 abductis,
698 2991 889 3030 alteram
910 2992 966 3030 de
984 2992 1231 3031 Deianirae
1252 2992 1493 3041 zelotypia.
1538 2990 1622 3030 Cui
1636 2992 1703 3030 ita
1718 2992 1969 3031 assentitur
1983 2991 2034 3029 L.
2051 2991 2239 3030 Tachau

213 3043 398 3093 (Philol.
420 3044 570 3082 XLVI
599 3046 742 3092 [1887]
774 3056 816 3091 p.
838 3044 956 3096 378),
992 3048 1044 3083 ut
1072 3056 1128 3083 ne
1156 3045 1398 3094 prologum
1428 3044 1613 3092 quidem
1648 3048 1693 3082 et
1723 3045 1842 3092 quod
1872 3044 2081 3091 sequitur
2109 3044 2239 3082 chori

215 3108 402 3137 carmen
432 3096 489 3147 (v.
521 3097 695 3148 1—172)
725 3098 782 3136 ab
801 3098 905 3144 ipso
925 3099 1197 3145 philosopho
1218 3098 1345 3137 facta
1364 3109 1461 3137 esse
1483 3101 1678 3137 censeat.
1733 3097 2018 3145 Argumenta
2038 3108 2065 3135 a
2085 3097 2239 3136 Leone

211 3151 397 3198 prolata
434 3151 603 3189 acriter
641 3150 933 3200 impugnavit
973 3162 1028 3190 ac
1070 3152 1317 3190 maximam
1360 3155 1535 3198 partem
1577 3152 1651 3189 vel
1691 3151 1943 3189 infirmavit
1984 3151 2058 3188 vel
2101 3150 2238 3188 diluit

211 3205 258 3242 P.
287 3204 460 3243 Melzer
498 3204 822 3243 dissertatione
852 3204 907 3243 de
934 3204 1135 3243 Hercule
1164 3205 1333 3244 Oetaeo
1361 3204 1614 3243 Annaeana
1651 3203 1980 3252 programmati
2009 3203 2238 3251 gymnasii

213 3256 551 3296 Chemnitziam‘
579 3258 739 3296 addita
768 3256 921 3308 (1890),
951 3258 1017 3296 sic
1046 3261 1252 3297 statuens
1280 3259 1485 3297 fabulam
1511 3269 1538 3296 a
1566 3261 1702 3304 poeta
1721 3256 1922 3295 breviter
1948 3257 2238 3307 delineatam,

212 3321 305 3349 non
335 3311 593 3349 absolutam
623 3313 668 3349 et
695 3311 972 3358 perpolitam
1001 3322 1120 3360 esse3
1159 3311 1468 3358 composuisse
1497 3322 1599 3349 eum
1628 3311 1834 3359 singulas
1864 3321 2075 3359 scaenas,
2112 3312 2237 3348 ante·

210 3374 348 3411 quam
387 3365 442 3402 de
479 3364 621 3403 totius
658 3365 842 3403 fabulae
878 3364 1072 3404 consilio
1101 3368 1146 3403 et
1174 3365 1335 3403 ordine
1364 3363 1477 3403 satis
1505 3364 1548 3402 ei
1576 3367 1828 3415 constaret,
1874 3375 1980 3403 nam
2010 3365 2055 3401 et
2083 3363 2237 3410 plures

210 3417 413 3455 inveniri
451 3417 654 3455 eiusdem
684 3416 871 3457 consilii
908 3427 1094 3456 scaenas
1124 3420 1170 3456 et
1207 3418 1327 3456 male
1357 3418 1653 3456 cohaerentes
1681 3420 1726 3455 et
1753 3418 1875 3456 inter
1904 3427 1951 3456 se
1979 3419 2238 3463 pugnantes

209 3480 361 3518 neque
381 3470 686 3509 dubitandum
705 3470 867 3520 videri,
887 3471 998 3519 quin
1020 3471 1206 3522 Seneca,
1226 3471 1266 3509 si
1284 3474 1538 3509 extremum
1559 3471 1846 3517 perpoliendi
1863 3470 2015 3517 operis
2034 3470 2238 3508 laborem

210 3524 525 3574 adhibuisset,
564 3524 772 3572 gemellis
809 3524 926 3563 locis
954 3525 1118 3562 deletis
1145 3524 1195 3562 in
1225 3524 1412 3563 solitum
1441 3534 1654 3563 versuum
1683 3535 1921 3562 numerum
1951 3522 2237 3572 tragoediam

209 3577 355 3615 fuerit
383 3580 703 3617 contracturus
733 3576 792 3627 (p.
813 3577 895 3628 13).
951 3577 1109 3623 Neque
1129 3587 1250 3616 nova
1268 3577 1402 3616 Pauli
1421 3577 1604 3615 Barthii
1623 3577 1877 3624 Lipsiensis
1898 3575 2236 3626 argumentatio

210 3638 295 3676 per
323 3630 505 3669 litteras
532 3642 707 3669 mecum
738 3630 1074 3669 communicata
1111 3640 1164 3670 eo
1201 3631 1348 3680 valet,
1386 3633 1438 3669 ut
1475 3635 1596 3670 stare
1625 3631 1771 3678 possit
1797 3631 1966 3670 Leonis
1996 3629 2223 3671 sententia
