2658 4117
396 267 577 322 xvm
1200 266 1612 337 PRAEFATIO

395 422 630 479 ratione
668 414 1096 494 assequeretur,
1125 439 1193 480 ex
1222 419 1495 478 omnibus
1531 418 1699 479 libris
1739 438 1885 494 quos
1912 421 2039 495 ipse
2067 422 2416 498 inspexerat,-

396 528 609 569 novem
664 509 846 585 elegit
899 510 1095 566 aetate
1150 510 1361 568 ceteris
1413 509 1767 585 superioreS,
1824 527 2074 583 quorum
2140 510 2410 571 lectiones

398 597 713 675 diligenter
750 599 1019 656 enotaret
1055 599 1255 674 eisque
1293 599 1450 656 inter
1485 612 1549 655 se
1587 597 1819 656 collatis
1859 599 1918 655 et
1955 598 2254 657 subtiliter
2288 621 2411 677 per-

399 687 596 762 pensis
658 686 873 746 classes
933 686 1224 760 quasdam
1285 689 1346 745 et
1405 685 1667 745 familias
1732 687 2140 761 constitueret,
2203 689 2410 763 quibus

398 776 618 854 singuli
672 793 790 851 quo
845 775 1296 834 necessitudinis
1353 774 1542 852 gradu
1595 775 1841 850 propius
1896 775 1992 834 vel
2047 775 2281 853 longius
2341 777 2409 836 ab

397 865 721 940 archetypo
777 863 1075 940 abessent,
1133 865 1311 923 facile
1370 866 1571 939 posset
1631 863 1912 940 dignosci.
2007 862 2160 924 Sunt
2219 868 2410 924 autem

395 972 608 1013 novem
635 953 728 1011 illi
758 952 945 1012 altero
975 954 1197 1012 saeculi
1232 953 1376 1011 XIV
1404 951 1649 1012 dimidio
1687 954 1917 1011 exarati
1945 971 2144 1014 omnes
2181 958 2411 1030 praeter

394 1060 587 1124 unum⁸
627 1033 737 1123 (O)
785 1042 1017 1102 saeculo
1061 1041 1174 1100 XV
1220 1043 1633 1116 conscriptum.
1733 1040 1822 1100 Ac
1868 1040 2013 1101 duos
2058 1044 2250 1119 primo
2287 1043 2410 1104 loco

395 1133 619 1207 positos
675 1127 767 1211 (M
804 1132 864 1189 et
897 1122 984 1211 N)
1042 1151 1111 1189 ex
1164 1149 1282 1190 uno
1339 1130 1659 1207 eodemque
1703 1130 1856 1188 libro
1913 1149 2095 1205 eoque
2147 1132 2410 1192 omnibus

397 1221 606 1279 ceteris
660 1221 983 1279 vetustiore
1022 1212 1135 1301 (Σ)
1182 1219 1506 1295 descriptos
1563 1237 1686 1278 esse
1741 1219 2206 1279 luculentissime
2261 1240 2412 1281 com-

395 1307 674 1384 probavit
711 1300 770 1388 (1
801 1308 837 1366 6
860 1298 1033 1389 sqq.)
1116 1308 1227 1366 His
1275 1310 1471 1367 aetate
1515 1306 1939 1383 propemodum
1985 1308 2180 1368 affinis
2228 1311 2413 1369 altera

397 1400 486 1457 est
530 1396 817 1456 librorum
860 1396 1003 1474 biga
1050 1388 1127 1477 (Q
1167 1400 1227 1456 et
1262 1389 1364 1478 R),
1410 1415 1558 1471 quos
1595 1396 1874 1474 gemellos
1922 1415 2045 1455 esse
2093 1401 2152 1456 et
2196 1398 2412 1456 librum

393 1488 835 1562 repraesentare
892 1486 1106 1545 codicis
1163 1489 1223 1543 Σ
1274 1486 1609 1561 aequalem,
1670 1503 2031 1560 quamquam
2089 1486 2153 1544 in
2206 1487 2411 1546 multis

395 1575 675 1634 differunt
711 1567 812 1656 (cf.
844 1577 989 1634 412.
1033 1568 1209 1656 173),
1253 1576 1355 1632 vix
1392 1575 1707 1654 quisquam
1745 1576 2076 1633 accuratius
2113 1595 2240 1633 rem
2283 1595 2411 1651 per-

394 1664 652 1740 pendens
700 1665 1021 1741 negaverit.
1113 1663 1432 1740 Pr0prium
1476 1663 1672 1721 locum
1716 1665 1882 1721 tenet
1927 1662 2107 1721 codex
2152 1663 2411 1723 Lauren-

394 1755 594 1812 tianus
639 1753 787 1829 plut.
830 1753 932 1828 37,
962 1752 998 1810 6
1040 1771 1091 1810 a.
1134 1753 1302 1812 1368
1344 1743 1449 1832 (L)
1493 1770 1609 1827 quo
1646 1752 1844 1809 nullus
1880 1753 2281 1828 interpolatae
2325 1773 2414 1812 re—

395 1843 685 1901 censionis
727 1842 1060 1916 antiquiore
1108 1842 1356 1918 originis
1396 1858 1550 1899 anno
1595 1841 1858 1899 innotuit
1896 1832 2044 1920 (Leo
2062 1840 2094 1899 Ι
2122 1842 2203 1899 42
2223 1834 2414 1922 sqq.*)

393 1930 453 1990 Is
498 1930 650 1989 liber
683 1932 747 1988 in
792 1930 997 1990 multis
1044 1948 1176 1989 cum
1223 1931 1281 1988 Φ
1317 1930 1625 1988 consentit.
1702 1927 1926 1998 Quarto
1964 1930 2092 1988 loco
2131 1933 2418 2006 quattuor

393 2018 533 2078 libri
568 2021 960 2095 recensentur,
998 2037 1250 2095 quorum
1287 2035 1600 2079 consensus
1636 2019 1835 2095 potius
1875 2037 2053 2094 quam
2089 2020 2416 2080 communis

395 2109 749 2184 archetypus
778 2108 984 2167 littera
1007 2110 1077 2166 H
1096 2111 1354 2167 notatur.
1404 2107 1521 2167 Eos
1558 2109 1704 2167 satis
1732 2127 1944 2183 puram
1974 2111 2034 2166 et
2058 2107 2416 2167 incolumem

393 2198 660 2274 vulgaris
706 2197 977 2256 lectionis
1023 2197 1345 2275 imaginem
1387 2196 1629 2255 reddere
1683 2215 1788 2255 suo
1834 2197 1961 2255 iure
2005 2195 2135 2255 Lno
2182 2198 2414 2255 statuit.

526 2286 607 2344 Et
640 2285 759 2345 hoc
789 2286 1027 2361 quidem
1064 2287 1457 2345 certissimum
1494 2288 1602 2361 est,
1639 2285 1800 2362 quod
1835 2284 1965 2343 Lno
2009 2284 2170 2360 dicit,
2214 2285 2417 2343 arche—

393 2376 528 2451 typi
574 2375 899 2434 communis
940 2374 1254 2434 lectionem
1298 2394 1513 2434 novem
1549 2374 1789 2433 illorum
1826 2374 2092 2432 codicum
2130 2391 2419 2433 consensu

391 2465 852 2539 repraesentari:
898 2481 1017 2523 non
1052 2464 1140 2522 ita
1183 2466 1409 2523 certum
1455 2462 1616 2539 quod
1661 2462 1847 2537 addit,
1892 2461 1996 2520 ubi
2042 2462 2417 2536 dissentiant,

395 2552 471 2611 ad
499 2552 666 2611 illam
687 2552 874 2610 ΣΦΒ
893 2551 1135 2629 propius
1161 2551 1461 2626 accedere3
1483 2554 1542 2611 et
1568 2554 1830 2627 proxime
1860 2550 2098 2627 quidem
2117 2555 2189 2626 Σ,
2207 2553 2272 2609 in
2296 2570 2428 2627 quo.

395 2661 547 2716 quae
594 2640 921 2717 depravata
965 2644 1026 2699 et
1071 2641 1285 2701 obruta
1320 2643 1458 2718 sint,
1500 2660 1571 2700 ea
1621 2642 1678 2698 Φ
1713 2640 1807 2698 vel
1843 2638 1892 2696 L
1940 2640 2238 2700 codicibus
2275 2658 2419 2716 sup—

396 2731 670 2806 peditari.
723 2761 727 2766 ·
764 2728 933 2799 Quod
978 2731 1029 2788 si
1088 2733 1295 2790 contra
1344 2728 1529 2787 sz
1573 2730 1642 2787 in
1684 2731 1754 2787 H
1798 2728 1893 2787 vel
1947 2729 2196 2805 singulis
2242 2730 2421 2788 libris

397 2823 633 2896 praeter
672 2838 884 2878 novem
925 2820 1071 2878 istos
1104 2838 1321 2892 ,verum
1370 2821 1543 2893 extet,
1586 2818 1651 2875 id
1687 2818 1905 2893 ubique
1941 2817 2231 2877 Italorum
2276 2837 2440 2877 con-¹

391 2910 633 2967 iecturis
681 2907 895 2967 deberi.

524 2997 743 3056 Verum
801 2998 1097 3056 enimvero
1153 2995 1482 3055 cavendum
1542 2998 1661 3070 est,
1718 3015 1791 3054 ne
1839 2997 1901 3053 in
1961 2995 2247 3054 librorum
2309 2997 2423 3071 qui

393 3086 577 3143 trium
636 3087 731 3144 vel
792 3089 1076 3161 quattuor
1133 3085 1548 3144 decenniorum
1612 3084 1872 3144 eiusdem
1936 3084 2157 3143 saeculi
2215 3086 2442 3161 spatio-

535 3271 583 3340 *)
611 3270 830 3326 Fallere
849 3272 1036 3342 potuit
1055 3272 1133 3326 im
1173 3272 1396 3328 rovidos
1425 3271 1761 3341 subscriptio
1792 3270 2001 3324 codicis
2020 3269 2427 3339 Lugdunensis

395 3343 561 3414 (Bat.)
588 3341 784 3411 XVHI,
815 3349 882 3408 16
914 3343 978 3409 Ε,
1016 3360 1128 3411 qua
1158 3344 1201 3397 ‘s
1240 3360 1274 3397 a
1303 3342 1495 3398 Geelio
1534 3343 1593 3396 in
1622 3341 1880 3412 catalogo
1918 3358 2045 3395 mss.
2076 3341 2252 3411 Lugd.
2282 3341 2420 3395 Bat.

393 3433 445 3467 n.
479 3418 581 3468 370
608 3413 1009 3481 redditur„ubi
1039 3431 1087 3468 a.
1121 3419 1258 3482 1340
1288 3414 1547 3482 codicem
1574 3413 1784 3483 legitur
1812 3412 2081 3482 scriptum
2120 3428 2253 3466 esse.
2300 3411 2451 3466 Sed.

393 3485 454 3538 in
493 3484 624 3539 anni
662 3501 890 3539 numero
923 3487 1051 3555 post
1077 3484 1298 3539 litteras
1328 3482 1455 3538 000
1483 3500 1654 3539 unam
1680 3483 1930 3538 litteram
1968 3483 2156 3551 cultro
2181 3483 2426 3552 penitus
2449 3549 2452 3552 Ι

396 3572 613 3610 erasam
650 3559 708 3610 et
744 3571 914 3624 supra
949 3555 1212 3623 foramen*
1237 3555 1548 3610 litterulam
1593 3572 1625 3608 o
1664 3555 1930 3624 scriptam
1968 3569 2088 3608 6666
2124 3553 2190 3607 Η.
2221 3553 2429 3623 Klapp

397 3625 533 3681 olim
568 3643 670 3680 nos
710 3627 902 3681 docuit
939 3629 1005 3696 (v.
1044 3625 1220 3696 praef.
1258 3626 1461 3696 prioris
1500 3626 1763 3681 editionis
1798 3644 1853 3696 p.
1883 3624 2165 3679 XXXVIII
2179 3627 2300 3695 sq.).
