2658 4117
1065 263 1414 319 PHAEDRA
2128 265 2256 329 185

367 410 532 487 Quid
580 411 748 473 sinat
793 410 1089 473 inausum
1135 410 1411 474 feminae
1459 431 1761 493 praeceps
1806 411 2029 475 furor?

230 501 508 565 nefanda
554 499 772 563 iuveni
817 499 1086 562 crimina
1130 499 1373 564 insonti
1418 503 1702 582 apparat.
2156 515 2260 564 825

231 613 314 654 en
360 590 623 654 scelera!
672 589 922 670 quaerit
968 589 1140 651 crine
1185 589 1465 652 lacerato
1510 588 1731 670 fidem,

233 681 426 743 decus
475 699 663 742 omne
708 677 930 741 turbat
976 677 1231 759 capitffi,
1277 680 1561 742 umectat
1607 698 1829 761 genas:

230 768 574 832 instruitur
622 767 798 830 omni
840 765 1064 829 fraude
1109 766 1385 831 feminea
1431 767 1632 829 (101118.

370 854 494 920 Sed
540 857 662 919 iste
709 855 1004 936 quisnam
1051 860 1175 936 est,
1220 856 1469 939 regium
1515 856 1585 918 in
1628 856 1814 919 vultu
1860 856 2050 919 decus

234 967 463 1031 gerens
511 949 576 1009 et
621 944 754 1007 alto
800 944 1038 1007 vertice
1083 943 1387 1008 attollens
1434 946 1669 1026 caput?
2125 980 2127 987 >
2158 960 2263 1008 880

235 1040 308 1100 ut
356 1057 467 1098 ora
513 1033 731 1097 iuveni
776 1033 956 1115 paria
999 1031 1308 1097 Perithoo
1354 1034 1547 1117 gerit,

233 1125 303 1188 ni
347 1123 655 1208 languido
702 1121 946 1204 pallore
994 1122 1337 1188 canderent
1382 1143 1584 1206 genae

237 1217 563 1295 staretque
608 1214 784 1275 recta
830 1209 1090 1292 squalor
1134 1210 1416 1275 incultus
1463 1232 1662 1275 coma.

235 1325 316 1366 en
362 1303 500 1385 ipse
547 1300 831 1364 Theseus
877 1300 1161 1365 redditus
1206 1301 1393 1364 terris
1440 1301 1636 1364 adest.

850 1492 1246 1558 THESEVS
1319 1493 1659 1560 NVTRIX

370 1620 655 1685 Tandem
702 1620 964 1704 profugi
1008 1620 1216 1683 noctis
1262 1623 1556 1687 aeternae
1602 1619 1856 1705 plagam
2162 1635 2265 1684 835

237 1715 547 1792 vastoque
596 1730 813 1773 manes
840 1696 1109 1772 harcere
1155 1708 1559 1772 umbrantem
1606 1711 1857 1792 polum,

239 1804 304 1863 et
350 1800 458 1863 vix
503 1799 792 1881 cupitum
840 1798 1153 1861 sufferunt
1200 1797 1371 1861 oculi
1417 1798 1602 1861 diem.

241 1890 371 1952 iam
419 1891 643 1970 quarta
688 1886 957 1950 Eleusin
1003 1888 1170 1950 dona
1215 1885 1597 1969 Triptolemi
1643 1891 1815 1955 secat

242 1998 587 2060 paremque
632 1977 871 2040 totiens
915 1975 1081 2040 libra
1127 1977 1491 2058 composuit
1537 1975 1732 2057 diem,

240 2066 581 2151 ambiguus
628 2069 701 2129 ut
746 2088 848 2129 me
897 2067 1086 2130 sortis
1133 2066 1393 2149 ignotae
1439 2064 1623 2129 labor
1835 2124 1858 2148 ,
2164 2082 2267 2130 840

240 2155 517 2220 detinuit
561 2156 730 2218 inter
774 2155 1000 2217 mortis
1047 2157 1111 2217 et
1155 2155 1325 2217 vitae
1372 2154 1557 2217 mala.

241 2267 389 2329 pars
437 2266 566 2308 una
611 2244 782 2306 vitae
828 2243 1066 2306 mansit
1112 2244 1397 2307 extincto
1445 2242 1631 2306 mihi:

244 2354 467 2398 sensus
513 2333 856 2415 malorum3
902 2332 1049 2395 finis
1095 2330 1353 2395 Alcides
1398 2331 1556 2414 fuit,

242 2423 354 2505 qui
400 2442 547 2486 cum
593 2421 917 2485 revulsum
963 2419 1229 2484 Tartaro
1278 2420 1676 2485 abstraheret
1721 2442 1971 2504 canem,

241 2534 343 2575 me
392 2531 646 2593 quoque
694 2532 999 2593 supernas
1046 2510 1285 2594 pariter
1325 2510 1407 2573 ad
1453 2511 1631 2573 sedes
1676 2511 1844 2574 tulit.
2168 2526 2269 2573 845

242 2600 352 2665 sed
397 2600 566 2663 fessa
609 2599 814 2663 virtus
860 2598 1088 2663 robore
1133 2599 1400 2681 antiquo
1449 2603 1621 2663 caret

240 2688 692 2772 trepidantque
739 2710 1010 2773 gressus.
1102 2687 1256 2770 heu,
1300 2688 1486 2751 labor
1531 2692 1808 2770 quantus
1854 2688 1980 2752 fuit

242 2777 714 2862 Phlegethonte
761 2777 839 2840 ab
888 2778 1018 2840 imo
1066 2781 1280 2860 petere
1326 2778 1752 2862 longinquum
1802 2777 2059 2841 aethera

242 2868 608 2951 pariterque
655 2869 927 2929 mortem
971 2866 1193 2950 fugere
1240 2869 1305 2929 et
1349 2863 1623 2930 Alciden
1666 2866 1865 2948 sequi.

378 2954 535 3030 Quis
580 2954 874 3018 fremitus
922 2977 1104 3018 aures
1150 2954 1383 3018 flebilis
1430 2954 1684 3038 pepulit
1726 2956 1943 3019 meas?
2168 2968 2272 3017 850

244 3047 580 3128 expromat
624 3043 878 3125 aliquis,
967 3044 1179 3107 luctus
1227 3048 1291 3108 et
1335 3045 1635 3108 lacrimae
1683 3048 1747 3107 et
1793 3044 1993 3125 dolor,

386 3206 488 3254 825
527 3199 755 3254 insomti
792 3206 835 3254 E
871 3203 890 3269 ΙΙ
927 3205 1031 3253 826
1067 3200 1128 3253 in
1166 3200 1373 3254 scelere
1411 3205 1456 3253 A
1490 3203 1509 3269 ΙΙ
1547 3206 1649 3254 828
1688 3200 1868 3254 omnis
1907 3204 1952 3252 A
2004 3216 2166 3254 omne
2204 3200 2269 3251 fr.

242 3272 517 3326 femineus
553 3271 713 3326 dolus
756 3271 975 3326 Gronov
1003 3275 1022 3341 u
1051 3277 1157 3326 829
1191 3272 1462 3341 quidnam
1497 3279 1540 3325 Ε
1568 3274 1586 3340 η
1615 3276 1710 3324 881
1748 3271 1957 3339 piritho
1988 3289 2019 3324 0
2048 3277 2091 3324 E
2127 3271 2274 3339 peri-

241 3344 375 3398 thoo
416 3361 453 3399 τ
494 3342 729 3412 pirithoi
766 3347 813 3395 A
858 3359 955 3396 ora
992 3343 1185 3398 comiti
1222 3362 1276 3412 p.
1313 3343 1554 3398 Pirithoi
1595 3343 1814 3398 Gronov
1842 3346 1861 3412 ΙΙ
1889 3348 1992 3396 832
2030 3342 2274 3395 candore

243 3415 522 3484 pallerent
549 3418 594 3466 A
621 3416 640 3483 ΙΙ
669 3418 771 3466 835
808 3430 1035 3468 scaenae
1061 3415 1224 3469 inser.
1255 3431 1356 3469 om.
1387 3419 1432 3467 A
1459 3417 1477 3483 ΙΙ
1506 3419 1607 3467 887
1645 3416 1711 3468 ut
1736 3414 1834 3468 uix
1863 3419 1908 3467 A
1935 3417 1953 3484 n
1982 3418 2084 3466 888
2125 3414 2274 3467 01011-

244 3487 331 3540 sin
368 3487 449 3555 (in
486 3503 554 3540 ex
589 3485 639 3538 is
675 3486 713 3539 i.
751 3488 883 3555 ras.)
920 3486 990 3538 13²
1046 3484 1247 3539 eleusis
1286 3490 1332 3538 A
1370 3487 1379 3553 Ι
1425 3486 1747 3554 treptolemi
1783 3492 1826 3539 E
1881 3484 2154 3539 tritolomi
2192 3489 2272 3537 Av

242 3575 377 3613 corr.
418 3576 462 3611 α
506 3560 527 3625 ΙΙ
572 3560 675 3608 848
713 3572 926 3609 mersus
964 3558 1150 3625 (8011811
1186 3557 1308 3610 Εοῐ.
1347 3558 1551 3627 Luyd.)
1588 3557 1864 3611 malorum
1900 3562 1945 3610 A
1984 3559 2003 3626 ΙΙ
2050 3562 2154 3610 844
2190 3573 2274 3610 10-

244 3629 405 3682 uulso
444 3634 487 3680 E
521 3631 529 3697 1
563 3627 880 3681 extraheret
916 3631 961 3679 A
988 3630 1006 3696 ΙΙ
1034 3632 1138 3679 849
1176 3627 1420 3681 alcidem
1457 3632 1529 3680 Av
