2658 4117
1104 263 1453 317 PHAEDRA
1585 267 1591 272 ·
2165 266 2307 345 199Δ

260 410 561 473 mittarve
608 428 908 492 praeceps
956 428 1106 471 saxa
1152 430 1268 492 per
1314 407 1644 473 Scironia?
2153 428 2289 476 1225

261 499 560 583 graviora
607 498 764 579 vidi,
811 518 972 579 quae
1019 498 1155 580 pati
1202 499 1452 562 clausos
1499 498 1676 562 iubet

263 586 673 672 Phlegethon
717 590 1019 650 nocentes
1066 586 1255 670 igneo
1305 588 1566 672 cingens
1613 587 1800 651 vado:

264 697 428 759 quae
473 697 680 759 poena
727 679 962 738 memet
1007 679 1261 739 maneat
1307 680 1372 741 et
1418 676 1623 758 sedes,
1670 677 1818 741 scio,

264 765 527 828 umbrae
572 766 902 846 nocentes,
949 764 1151 827 cedite
1198 768 1262 828 et
1309 765 1661 830 cervicibus

262 854 393 936 his,
437 852 539 917 his
585 853 938 936 repositum
986 853 1287 937 degravet
1332 854 1530 918 fessas
1579 876 1804 918 manus
2152 870 2289 920 1230

261 965 520 1024 saxum,
566 942 701 1005 seni
748 941 1042 1024 perennis
1089 940 1317 1005 Aeolio
1365 942 1573 1026 labor3

263 1053 368 1095 me
414 1031 594 1094 ludat
639 1031 845 1094 amnis
894 1051 1004 1093 ora
1048 1031 1259 1094 vicina
1305 1032 1579 1114 alluens3

264 1121 484 1183 vultur
526 1119 750 1182 relicto
797 1121 1151 1183 transvolet
1196 1118 1389 1202 Tityo
1434 1119 1606 1184 ferus

262 1229 607 1290 meumque
654 1229 897 1291 poenae
944 1230 1194 1291 semper
1238 1213 1557 1272 accrescat
1603 1209 1802 1292 iecur;

265 1302 330 1361 et
375 1301 449 1361 tu
494 1297 621 1360 mei
665 1297 990 1379 requiesce
1036 1295 1323 1360 Perithoi
1370 1301 1575 1380 pater:
2153 1315 2288 1367 1235

261 1385 422 1450 haec
469 1386 751 1449 incitatis
800 1385 1084 1449 membra
1129 1386 1491 1450 turbinibus
1537 1386 1701 1450 ferat

261 1496 616 1557 numquam
661 1474 961 1538 resistens
1011 1474 1161 1538 orbe
1206 1477 1499 1539 revoluto
1546 1480 1705 1539 rota.

262 1563 518 1629 dehisce
565 1564 756 1628 tellus
769 1612 785 1643 ,
828 1564 1042 1646 recipe
1086 1586 1189 1627 me
1236 1564 1446 1627 dirum
1494 1563 1685 1628 chaos
1696 1613 1714 1646 ‚

260 1654 504 1736 recipe,
550 1652 709 1716 haec
754 1652 834 1715 ad
878 1651 1137 1716 umbras
1183 1652 1414 1716 iustior
1458 1653 1643 1717 nobis
1690 1653 1793 1716 via
1836 1656 1961 1717 est:

264 1746 532 1826 gnatum
579 1762 812 1823 sequor
845 1777 934 1786 —
969 1763 1049 1804 ne
1097 1745 1307 1805 metue
1356 1741 1466 1824 qui
1513 1763 1728 1805 manes
1774 1742 1970 1826 regis:
2152 1758 2290 1806 1240

262 1831 426 1903 casti
472 1830 789 1913 venimus3
834 1830 1047 1912 recipe
1094 1852 1196 1893 me
1242 1834 1499 1895 aeterna
1544 1830 1736 1893 domo

266 1941 400 1983 non
446 1920 782 1982 exiturum.
874 1940 1006 1982 non
1051 1922 1311 1982 movent
1359 1919 1538 1983 divos
1585 1938 1830 2002 preces3

261 2012 333 2072 at
379 2007 433 2073 si
477 2029 769 2093 rogarem
818 2009 1054 2073 scelera
1065 2057 1082 2089 ,
1128 2029 1317 2091 quam
1367 2007 1555 2091 proni
1599 2007 1825 2073 forent.

266 2113 469 2161 CHOR.
529 2097 807 2179 Thesea,
856 2098 1128 2180 querelis
1174 2102 1430 2180 tempus
1477 2101 1807 2161 aeternum
1854 2102 2095 2162 manet:

260 2207 437 2250 nunc
481 2186 650 2251 iusta
695 2191 848 2250 nato
897 2187 1072 2250 solve
1119 2190 1183 2249 et
1227 2186 1545 2250 absconde
1592 2187 1768 2251 ocius
2147 2203 2284 2251 1245

258 2276 551 2359 dispersa
596 2275 780 2339 foede
827 2274 1111 2339 membra
1156 2276 1402 2338 laniatu
1448 2275 1660 2339 efferO.

260 2381 460 2429 THES.
527 2362 698 2445 Huc,
744 2364 873 2428 huc
916 2364 1216 2445 reliquias
1263 2364 1477 2427 vehite
1525 2364 1654 2427 cari
1702 2366 1987 2448 corporis

262 2454 641 2537 pondusque
688 2456 752 2516 et
797 2457 973 2517 artus
1018 2457 1255 2516 temere
1303 2456 1641 2537 congestos
1689 2453 1849 2517 date.

263 2540 663 2625 Hippolytus
710 2541 818 2605 hic
863 2541 1001 2605 est‘?
1056 2542 1295 2605 crimen
1341 2562 1619 2626 agnosco
1668 2565 1908 2606 meum:

264 2651 385 2715 ego
431 2635 496 2694 te
542 2631 808 2713 peremi3
854 2651 980 2693 neu
1025 2651 1260 2694 nocens
1306 2633 1559 2694 tantum
1608 2631 1803 2695 semel
2152 2646 2289 2696 1250

258 2721 519 2783 solusve
565 2719 809 2800 fierem,
853 2718 1101 2783 facinus
1148 2741 1418 2783 ausurus
1465 2742 1692 2802 parens

263 2811 511 2891 patrem
558 2807 879 2871 advocavi.
971 2830 1231 2871 munere
1278 2830 1358 2872 en
1403 2808 1613 2891 patrio
1660 2808 1855 2872 fruor.

261 2918 303 2960 o
351 2898 535 2961 triste
579 2896 799 2961 fractis
850 2896 1089 2961 orbitas
1136 2897 1318 2961 annis
1366 2898 1633 2961 malum!

263 2987 692 3069 complectere
739 2990 943 3066 artus,
990 2987 1287 3067 quodque
1334 2985 1411 3049 de
1457 2989 1608 3049 nato
1658 2990 1753 3052 est
1800 2984 2007 3069 super,

265 3075 650 3156 miserande,
695 3078 940 3138 maesto
987 3078 1244 3157 pectore
1289 3074 1664 3138 incumbens
1710 3075 1873 3137 fove.
2154 3090 2290 3138 1255

265 3180 475 3228 CHOR.
521 3163 808 3228 Disiecta
854 3163 1108 3248 genitor
1153 3163 1437 3226 membra
1483 3164 1676 3226 laceri
1724 3163 2007 3246 corporis

406 3342 539 3390 1225
570 3337 876 3405 mittatque
897 3340 942 3388 A
969 3339 987 3405 ΙΙ
1013 3342 1145 3390 1227
1177 3336 1445 3406 cingnens
1464 3343 1507 3389 Ε
1534 3339 1552 3405 ΙΙ
1580 3342 1712 3390 1228
1741 3339 1968 3391 maneat
1985 3339 2192 3391 memet
2211 3342 2256 3390 A
2274 3339 2291 3407 ΙΙ

259 3414 399 3461 1229
437 3409 692 3462 nocentis
729 3413 810 3460 At
843 3411 849 3477 Ι
884 3409 1069 3462 cedire
1104 3414 1147 3460 Ε
1195 3409 1361 3461 cedat
1398 3424 1427 3461 e
1465 3412 1545 3459 Av
1589 3411 1607 3478 ΙΙ
1652 3413 1785 3461 1230
1822 3408 1911 3461 his
1947 3410 2103 3462 semel
2139 3413 2220 3460 At
2274 3412 2292 3479 ΙΙ

263 3485 391 3532 1231
426 3479 578 3533 senis
615 3498 669 3548 p.
710 3479 842 3533 eolii
879 3484 924 3531 A
951 3482 969 3548 ΙΙ
995 3484 1130 3531 1232
1169 3478 1402 3532 abluens
1439 3490 1495 3545 ψ
1534 3482 1612 3549 (τ)
1649 3482 1667 3548 ῃ
1702 3484 1833 3532 1237
1873 3496 2150 3548 nusquam
2186 3486 2227 3532 E
2273 3483 2291 3549 ΙΙ

263 3556 396 3603 1248
427 3552 653 3604 truncos
684 3552 743 3604 et
761 3554 915 3605 artus
937 3552 1011 3605 N.
1023 3550 1292 3604 Heinsius
1306 3566 1365 3617 p.
1381 3554 1449 3603 74
1468 3553 1767 3619 partesque
1788 3552 1845 3604 et
1865 3566 1913 3605 a.
1936 3551 2247 3605 Koetschau
2273 3554 2292 3620 ΙΙ

259 3626 396 3675 1249
433 3622 652 3675 facinus
691 3638 818 3691 agn
857 3641 928 3676 m
968 3626 1013 3673 A
1039 3623 1057 3690 ΙΙ
1085 3626 1211 3673 1251
1248 3620 1437 3674 flerem
1474 3624 1722 3690 Ε111256
1762 3640 1918 3676 cnon
1957 3638 2058 3678 om.
2089 3626 2134 3674 A
2165 3626 2172 3692 Ι
2208 3622 2292 3675 di-
