2658 4117
399 259 485 320 64

1049 258 1107 310 L.
1139 256 1421 309 ANNAEI
1458 255 1782 310 SENECAE

1232 435 1578 501 OHORVS

754 562 996 625 Verum
1044 566 1142 625 est
1187 584 1270 625 an
1315 561 1578 626 timidos
1623 562 1844 625 fabula
1890 563 2128 646 decipit

623 651 882 715 umbras
931 651 1306 734 corporibus
1354 651 1566 714 vivere
1614 651 1916 733 conditiS,

622 763 770 805 cum
818 741 1099 805 coniunx
1147 741 1352 804 oculis
1399 741 1710 822 imposuit
1753 763 2014 804 manum

625 852 1085 912 supremusque
1133 828 1267 893 dies
1315 829 1560 893 solibus
1609 829 1863 893 obstitit

625 923 688 981 et
732 919 936 981 tristis
984 919 1225 983 cineres
1272 941 1435 981 urna
1482 917 1854 983 cohercuit?
2321 938 2424 989 375

625 1030 756 1071 non
801 1007 1062 1091 prodest
1107 1008 1387 1070 animam
1432 1008 1678 1071 tradere
1721 1007 1960 1091 funeri,

626 1098 736 1160 sed
781 1101 982 1160 restat
1026 1097 1274 1160 miseris
1321 1097 1535 1159 vivere
1582 1097 1881 1181 longius?

624 1208 706 1248 an
752 1187 875 1249 toti
922 1186 1232 1249 morimur
1277 1186 1581 1268 nullaque
1627 1208 1776 1269 pars
1824 1191 2038 1250 manet

625 1275 857 1358 nostri,
904 1297 1058 1339 cum·
1098 1275 1374 1359 profugo
1423 1275 1685 1357 spiritus
1730 1275 1937 1339 halitu

629 1365 960 1427 immixtus
1006 1364 1259 1427 nebulis
1308 1365 1499 1427 cessit
1545 1364 1614 1426 in
1660 1386 1804 1427 aera
2320 1381 2424 1430 380

625 1457 690 1516 et
734 1454 976 1516 nudum
1023 1453 1239 1537 tetigit
1286 1452 1543 1516 subdita
1586 1453 1695 1515 fax
1741 1454 1952 1516 latus?

760 1540 1078 1624 Quicquid
1125 1543 1223 1605 sol
1270 1542 1506 1625 oriens,
1554 1542 1861 1624 quicquid
1907 1546 1971 1605 et
2018 1542 2314 1607 occidens

624 1631 831 1712 novit,
880 1631 1185 1695 caeruleis
1233 1628 1523 1695 Oceanus
1569 1631 1750 1694 fretis

627 1721 934 1803 quicquid
980 1719 1079 1783 bis
1127 1721 1387 1783 veniens
1435 1725 1499 1783 et
1543 1720 1798 1804 fugiens
1844 1721 2042 1803 lavat,

626 1813 799 1872 aetas
846 1807 1128 1894 Pegaseo
1178 1809 1482 1892 corripiet
1527 1810 1743 1893 gradu.
2322 1826 2424 1873 385

630 1919 755 1981 quo
804 1898 903 1961 bis
952 1920 1103 1961 sena
1148 1899 1371 1961 volant
1416 1898 1623 1961 sidera
1666 1898 1949 1980 turbine,

628 2009 754 2070 quo
805 2008 994 2050 cursu
1041 1991 1344 2071 properat
1390 1988 1643 2051 volvere
1691 1988 1942 2051 saecula

629 2080 944 2139 astrorum
993 2077 1318 2159 dominus,
1367 2099 1494 2159 quo
1541 2081 1842 2160 properat
1888 2078 2078 2141 modo

629 2164 907 2248 obliquis
957 2164 1198 2229 Hecate
1246 2188 1496 2230 currere
1543 2166 1840 2229 flexibus:

626 2253 751 2317 hoc
801 2276 1019 2317 omnes
1068 2255 1347 2337 petimus
1393 2256 1527 2318 fata
1571 2277 1690 2319 nec
1737 2256 2039 2338 amplius,
2321 2272 2425 2319 390

627 2342 869 2405 iuratos
918 2344 1164 2426 superis
1213 2345 1324 2427 qui
1370 2344 1588 2428 tetigit
1631 2345 1836 2425 lacuS‚

627 2453 898 2513 usquam
948 2436 1068 2515 est3
1115 2437 1188 2495 ut
1235 2432 1458 2497 calidis
1504 2435 1721 2496 fumus
1770 2434 1847 2496 ab
1896 2433 2154 2517 ignibus

626 2520 939 2601 vanescit,
985 2522 1264 2604 spatium
1312 2544 1425 2605 per
1472 2522 1661 2585 breve
1709 2521 2028 2604 sordiduS,

627 2613 702 2671 ut
747 2610 975 2692 nubes,
1024 2611 1315 2694 gravidas
1366 2633 1523 2693 quas
1570 2610 1761 2674 modo
1809 2612 2109 2693 vidimus,

628 2699 831 2762 arctoi
876 2698 1118 2762 Boreae
1166 2700 1414 2764 dissicit
1461 2701 1763 2782 impetus:
2324 2717 2426 2764 395

627 2788 719 2851 sic
764 2787 904 2870 hic,
952 2810 1080 2870 quo
1125 2789 1428 2873 regimur,
1476 2789 1737 2871 spiritus
1785 2788 2018 2852 effluet.

627 2881 774 2960 post
820 2881 1091 2940 mortem
1138 2878 1304 2941 nihil
1353 2882 1449 2941 est
1493 2879 1759 2960 ipsaque
1806 2900 1977 2941 mors
2024 2878 2216 2961 nihil,

626 2966 864 3030 velocis
914 2967 1104 3048 spatii
1151 2971 1321 3031 meta
1367 2967 1741 3050 novissima3

628 3076 806 3137 spem
854 3060 1097 3137 ponant
1144 3056 1341 3137 avidi,
1389 3056 1653 3120 solliciti
1698 3061 1965 3119 metum:

550 3198 647 3245 371
683 3193 903 3246 fabula:
943 3195 979 3246 b
1017 3199 1054 3248 2
1090 3213 1156 3248 m.
1198 3212 1263 3249 eae
1290 3213 1348 3246 m
1384 3200 1426 3246 Ε
1455 3197 1474 3264 ΙΙ
1502 3200 1608 3247 372
1644 3196 2023 3264 ’ἱπταννοραηάί
2058 3197 2275 3265 siynum
2305 3204 2436 3264 post

407 3264 647 3319 conditis
686 3282 741 3317 ω
780 3266 877 3318 del.
912 3267 1108 3334 Peiper
1148 3269 1166 3336 ss
1212 3271 1314 3319 375
1353 3266 1542 3319 tristes
1580 3269 1624 3316 A
1658 3268 1664 3333 Ι
1692 3272 1817 3333 post
1854 3266 2139 3320 cohercuit
2174 3268 2433 3339 intem-09.

405 3342 590 3390 ‘notam
630 3337 790 3404 ponit
827 3338 1024 3405 Peiper
1076 3340 1094 3406 ΙΙ
1150 3343 1251 3390 378
1291 3354 1363 3390 an
1402 3341 1517 3389 ΑΣ
1558 3352 1624 3388 ac
1673 3339 1723 3405 (c
1761 3338 1796 3389 i.
1831 3340 1962 3406 ras.)
2000 3337 2072 3390 Ε·2
2124 3340 2142 3406 ΙΙ
2198 3343 2302 3391 384
2338 3341 2438 3393 1161

404 3406 637 3459 ueniens
683 3408 776 3459 uel
821 3408 1042 3477 fugiens
1090 3413 1134 3460 A
1190 3409 1277 3461 bis
1334 3427 1380 3460 v.
1430 3408 1516 3461 bis
1569 3407 1604 3459 f.
1652 3409 2032 3479 Henneberqer
2081 3412 2087 3477 Ι
2138 3410 2298 3463 labat
2335 3417 2377 3464 Ε
2418 3415 2436 3483 Η

407 3482 512 3529 386
548 3476 635 3529 bis
674 3495 811 3544 quos
846 3495 979 3531 sena
1006 3482 1210 3533 vocant
1235 3485 1277 3531 Ε
1307 3483 1325 3547 ΙΙ
1355 3485 1456 3532 387
1497 3480 1685 3532 secula
1720 3479 1948 3533 uoluere
1976 3486 2021 3532 A
2048 3483 2066 3548 ΙΙ
2095 3487 2199 3534 389
2236 3486 2437 3537 aecate

405 3554 448 3599 Ε
495 3547 693 3601 echate
729 3554 774 3600 A
810 3552 828 3618 ΙΙ
865 3554 968 3601 390
1004 3549 1144 3602 haec
1183 3566 1372 3603 omnes
1409 3556 1508 3602 EA
1545 3567 1680 3607 corr.
1710 3563 1766 3617 ψ
1810 3554 1828 3620 ΙΙ
1871 3557 1972 3605 393
2013 3552 2268 3605 sordibus
2307 3559 2382 3605 At
2418 3555 2437 3627 Η

410 3624 513 3672 395
554 3618 791 3686 dissipat
828 3625 872 3670 A
929 3619 1161 3673 dissicat
1197 3627 1239 3673 E
1276 3638 1412 3676 corr.
1442 3634 1497 3687 ψ
