2658 4117
373 238 505 301 408
1243 238 1325 290 IN
1326 236 1541 292 CERTI

691 388 993 466 repetunt
1038 384 1149 448 alii
1193 383 1388 447 litora
1433 387 1686 467 nantes3

694 473 934 536 multos
981 477 1282 556 mergunt
1326 472 1460 535 fata
1506 472 1843 555 profundo,

696 561 929 625 scindit
975 565 1182 625 vestes
1219 559 1517 645 Augusta
1564 582 1709 623 suas

693 650 1060 732 laceratque
1108 669 1322 712 comas

692 738 864 823 rigat
910 743 975 803 et
1019 738 1279 802 maestis
1323 736 1583 801 fletibus
1631 758 1757 801 ora.
2275 753 2386 802 330

694 831 1038 909 postquam
1086 848 1230 909 spes
1277 829 1375 889 est
1419 826 1599 889 nulla
1647 827 1898 908 salutiS,

694 916 922 979 ardens
968 916 1090 997 ira,
1135 916 1264 978 iam
1308 914 1483 977 victa
1528 914 1742 978 malis:

695 1003 896 1067 ‘haec'
947 1005 1265 1067 exclamat
1310 1002 1495 1066 ‘mihi
1541 1025 1658 1085 pro
1706 1007 1888 1067 tanto

693 1115 957 1156 munere
1002 1091 1213 1156 reddis
1260 1092 1572 1174 praemia,
1617 1092 1810 1155 nate?

691 1179 816 1244 hac
862 1203 1032 1262 sum,
1077 1179 1302 1261 fateor,
1349 1181 1544 1264 digna
1591 1180 1832 1261 carina,
2276 1196 2384 1245 335

693 1290 855 1351 quae
902 1274 967 1333 te
1013 1269 1236 1353 genui,
1284 1289 1447 1350 quae
1492 1269 1614 1332 tibi
1658 1270 1869 1332 lucem

697 1362 889 1439 atque
935 1357 1277 1440 imperium
1324 1377 1688 1439 nomenque
1734 1357 1879 1420 dedi

697 1443 984 1509 Caesaris
1031 1466 1266 1509 amens.

698 1556 884 1597 exere
929 1535 1147 1597 vultus
1184 1532 1551 1598 Acheronte
1597 1538 1745 1598 tuos

691 1623 1042 1705 poenisque
1089 1622 1247 1685 meis
1294 1642 1581 1705 pascere,
1627 1624 1936 1686 coniunx:
2274 1638 2383 1687 340

696 1731 816 1795 ego
867 1732 1057 1774 causa
1103 1716 1280 1793 tuae,
1325 1711 1709 1793 miserande,
1755 1711 1930 1775 necis

693 1804 975 1881 natoque
1020 1803 1135 1863 tuo
1181 1799 1425 1862 funeris
1471 1803 1697 1864 auctor

691 1909 807 2039 Ξῖ
849 1892 924 1952 ut
961 1888 1200 2040 ¹{nez-ui,
1245 1888 1415 1951 ferar
1459 1888 1540 1951 ad
1586 1910 1805 1952 manes

808 1998 958 2040 uma
991 1998 1028 2039 a
1104 1996 1250 2058 uos,

695 2065 926 2129 obruta
972 2066 1178 2129 saevis
1223 2065 1520 2147 aequoris
1566 2066 1797 2130 undis'.
2276 2082 2385 2130 345

690 2154 933 2218 feriunt
977 2154 1213 2218 fluctus
1261 2176 1373 2218 ora
1418 2155 1769 2237 loquentis,

690 2243 822 2306 ruit
867 2244 937 2305 in
982 2245 1250 2329 pelagus

692 2351 1075 2413 rursumque
1123 2332 1257 2395 salo
1306 2352 1525 2414 pressa
1569 2332 1874 2417 resurgit,

695 2419 880 2501 pellit
925 2420 1158 2503 palmis
1206 2424 1477 2504 cogente
1524 2424 1700 2483 metu

690 2507 883 2590 freta,
930 2511 1026 2572 set
1074 2509 1241 2572 cedit
1287 2509 1456 2572 fessa
1500 2509 1723 2597 labori.
2277 2526 2388 2574 350

693 2597 930 2660 mansit
974 2597 1190 2660 tacitis
1236 2598 1306 2659 in
1352 2597 1721 2679 pectoribus

695 2689 909 2768 spreta
955 2685 1127 2749 tristi
1172 2685 1301 2748 iam
1349 2689 1556 2749 morte
1602 2686 1786 2749 fides:

696 2774 886 2837 multi
932 2774 1228 2837 dominae
1273 2774 1440 2838 ferre
1485 2774 1799 2838 auxilium

693 2862 923 2946 pelago
969 2862 1191 2926 fractis
1238 2862 1482 2926 viribus
1529 2863 1795 2944 audent,

692 2950 991 3014 bracchia
1039 2951 1333 3032 quamvis
1378 2952 1554 3015 lenta
1599 2951 1960 3015 trahentem
2277 2967 2385 3016 355

695 3059 852 3103 voce
897 3039 1239 3103 hortantur
1286 3039 1709 3123 manibusque
1754 3040 1987 3104 levant.

695 3126 849 3209 quid
894 3128 1015 3191 tibi
1063 3128 1235 3192 saevi
2276 3135 2416 3189 3561‘

693 3215 937 3301 fugisse
983 3216 1177 3280 maris
1224 3217 1473 3300 profuit
1517 3217 1763 3281 undas?

692 3304 861 3368 ferro
911 3327 977 3369 es
1023 3306 1160 3368 nati
1207 3305 1521 3370 moritura
1565 3306 1691 3389 tui,

518 3447 620 3495 343
656 3442 805 3496 feror
832 3443 908 3496 N.
932 3443 1202 3498 Heinsius
1227 3460 1281 3511 p.
1304 3448 1414 3498 504
1440 3445 1459 3513 ΙΙ
1487 3449 1591 3498 350
1621 3444 1741 3497 fata
1771 3446 1828 3498 et
1855 3449 1900 3496 Δ
1928 3460 2063 3498 corr.
2095 3444 2367 3498 Bn‘tcheler
2391 3444 2417 3515 ΙΙ

378 3516 481 3564 353
521 3511 721 3566 famuli
759 3513 1020 3566 dominae
1058 3515 1341 3569 Baehrens
1367 3518 1385 3584 ΙΙ
1414 3520 1518 3567 354
1557 3516 1757 3569 ardent
1791 3526 1847 3581 ψ
1884 3516 1954 3582 cf.
1984 3515 2098 3584 prs.
2130 3515 2163 3569 l.
2194 3531 2249 3569 n.
2284 3517 2292 3583 Ι
2324 3514 2412 3569 br.

374 3596 546 3646 quam
582 3583 673 3634 vix
710 3584 784 3637 N.
814 3584 1086 3638 Heinsius
1114 3602 1173 3653 p.
1206 3589 1316 3639 505
1340 3665 1351 3673 ,
