2658 4117
1042 235 1491 292 Pflonmssffl
2150 240 2278 305 103

258 382 391 447 scio
439 402 568 465 quo
615 382 921 465 ferantur,
968 385 1206 466 quanta
1251 382 1466 447 moliri
1511 388 1763 467 parent,

259 470 531 554 ideoque
575 471 691 535 leti
736 492 971 554 quaero
1018 472 1255 536 maturi
1300 471 1471 536 viam

259 559 551 642 morique
595 580 894 644 propero,
942 559 1092 623 dum
1140 560 1208 624 in
1254 560 1443 625 domo
1490 582 1675 625 nemo
1723 564 1819 626 est
1864 583 2006 626 mea
2170 578 2276 628 305

258 649 595 714 nocentior
639 669 758 712 me.
849 652 1024 731 nata,
1070 649 1225 732 quid
1270 649 1540 734 genibus
1585 649 1745 715 meis
2248 688 2249 691 =

259 737 375 801 fles
422 735 765 801 advoluta?
813 737 966 821 quid
1012 758 1200 820 prece
1245 737 1629 803 indomitum
1678 738 1942 803 domas?

258 848 460 889 unum
502 825 631 891 hoc
674 825 870 890 habet
913 827 1174 891 fortuna
1218 847 1348 909 quo
1395 828 1640 910 possim
1688 829 1859 912 capi,

259 915 538 980 invictus
585 913 755 980 aliis:
802 913 941 981 sola
983 919 1056 979 tu
1103 915 1369 981 affectus
1414 919 1598 999 potes

257 1002 510 1067 mollire
556 1003 775 1088 duros,
821 1003 958 1068 sola
1002 1003 1308 1089 pietatem
1355 1004 1423 1068 in
1468 1004 1657 1068 domo
2169 1021 2274 1071 310

258 1092 484 1157 docere
531 1095 767 1156 nostra.
856 1091 953 1156 nil
998 1114 1190 1178 grave
1238 1095 1350 1156 aut
1395 1092 1699 1157 miserum
1746 1097 1845 1157 est
1889 1094 2050 1158 mihi

259 1181 431 1265 quod
475 1184 540 1244 te
586 1182 782 1246 sciam
829 1181 1136 1265 voluisse3
1182 1185 1255 1245 tu
1302 1184 1551 1246 tantum
1597 1181 1866 1266 impera:

255 1269 366 1335 hic
412 1267 693 1353 Oedipus
738 1267 996 1355 Aegaea
1040 1269 1400 1334 transnabit
1443 1270 1608 1335 freta

257 1357 520 1423 iubente
566 1362 656 1441 te,
693 1358 1107 1442 flammasque
1154 1380 1311 1441 quas
1359 1356 1575 1424 Siculo
1622 1360 1828 1424 vomit

256 1447 334 1512 de
379 1450 599 1511 monte
644 1446 837 1511 tellus
882 1447 1105 1533 igneos
1151 1447 1415 1511 volvens
1462 1446 1718 1532 globos,
2168 1465 2274 1513 315

261 1535 537 1619 excipiet
582 1557 690 1600 ore
737 1557 928 1620 seque
974 1536 1252 1620 serpenti
1300 1535 1548 1620 offeret,

259 1645 421 1708 quae
466 1645 654 1689 saeva
696 1625 871 1689 furto
917 1625 1196 1689 nemoris
1241 1623 1561 1691 Herculeo
1607 1625 1792 1710 furit3

248 1713 518 1778 ,iubente
561 1716 626 1777 te
672 1713 1004 1797 praebebit
1049 1712 1309 1778 alitibus
1351 1714 1535 1779 iecur
1581 1751 1664 1760 —

258 1801 516 1866 iubente
561 1805 626 1866 te
670 1803 775 1867 vel
817 1801 1007 1867 vivet.

529 2084 922 2152 NVNTIVS
996 2110 1029 2146 *
1105 2084 1475 2151 OEDIPVS
1549 2084 2002 2152 ANTIGONA

386 2228 547 2275 NVN.
593 2209 982 2294 Exemplum
1018 2210 1088 2275 in
1123 2210 1350 2296 ingens
1387 2211 1564 2296 regia
1601 2211 1798 2296 stirpe
1836 2211 2077 2276 editum
2166 2227 2270 2276 320

255 2298 513 2364 Thebae
558 2302 861 2383 paventes
908 2321 1084 2363 arma
1126 2299 1407 2364 fraterna
1453 2299 1753 2365 invocant

254 2392 614 2474 rogantque
656 2388 847 2453 tectis
893 2409 1106 2478 arceas
1153 2388 1379 2489 patriis
1423 2389 1611 2453 faces.

253 2498 385 2541 non
433 2480 584 2543 sunt
626 2477 863 2559 minae,
910 2476 1036 2541 iam
1081 2475 1347 2561 propius
1394 2477 1662 2543 accessit
1705 2475 1967 2541 malum.

252 2587 404 2630 nam
450 2586 646 2651 regna
689 2569 980 2649 repetens
1025 2566 1222 2630 frater
1268 2570 1332 2630 et
1375 2571 1594 2648 pactas
1641 2566 1812 2632 vices

251 2655 323 2719 in
366 2653 537 2718 bella
581 2658 845 2719 cunctos
893 2652 1194 2720 Graeciae
1239 2655 1515 2739 populos
1560 2654 1721 2739 agit3
2166 2668 2271 2718 325

252 2746 519 2827 septena
561 2764 779 2808 muros
826 2746 1033 2807 castra
1077 2742 1416 2807 Thebanos
1459 2747 1773 2826 premunt.

252 2853 580 2916 succurre,
624 2830 895 2915 prohibe
939 2832 1178 2916 pariter
1222 2836 1287 2896 et
1332 2830 1571 2895 bellum
1618 2836 1682 2895 et
1728 2830 1950 2896 scelus.

253 2938 418 2986 OED.
463 2919 606 3006 Ego
654 2919 763 2984 ille
810 2942 952 2984 sum
998 2920 1109 3004 qui
1157 2921 1395 2985 scelera
1440 2920 1757 2985 committi
1802 2924 2012 2983 vetem

253 3013 318 3074 et
364 3008 671 3073 abstineri
718 3010 1027 3094 sanguine
1073 3030 1107 3072 e
1153 3030 1299 3074 caro
1347 3030 1572 3074 manus

395 3170 501 3218 804
527 3167 807 3219 maturam
834 3172 877 3219 Ε
904 3167 923 3234 11
951 3170 1054 3219 305
1084 3181 1191 3233 que
1219 3181 1319 3219 om.
1350 3172 1393 3219 Ε
1420 3169 1439 3235 11
1467 3171 1561 3219 313
1592 3181 1766 3235 aegae
1793 3171 1836 3217 E
1869 3166 1877 3233 1
1908 3163 2159 3221 tranabit
2178 3168 2223 3215 Δ
2248 3167 2269 3233 11

253 3242 349 3290 315
390 3236 607 3290 solvens
636 3254 692 3291 ω
728 3254 864 3293 corr.
893 3249 949 3303 ψ
977 3239 995 3306 11
1024 3242 1116 3290 317
1155 3236 1403 3290 herculei
1430 3243 1472 3289 Ε
1501 3240 1519 3306 11
1547 3242 1653 3290 320
1687 3253 1886 3290 scaena
1911 3237 2272 3291 continuatur

243 3309 498 3377 praefioeo
518 3309 660 3362 Anti
694 3323 831 3362 onae
855 3309 1074 3363 nomine
1101 3310 1260 3377 (Aur.)
1288 3313 1398 3373 Εψ
1426 3311 1445 3377 11
1473 3312 1752 3361 320-327
1783 3305 2064 3376 Antigone
2093 3307 2268 3375 loqui-

249 3386 343 3434 tur
378 3385 420 3431 Ε
457 3385 509 3433 et
541 3380 621 3433 sic
730 3395 761 3433 ο
801 3378 977 3450 {ante
1012 3383 1118 3432 320
1152 3380 1332 3447 patris
1369 3380 1786 3448 appellationem
1827 3378 1924 3448 [te,
1961 3378 2144 3448 pater]
2178 3378 2269 3432 de·

246 3450 589 3505 sideratLeo
618 3451 685 3517 (I
707 3454 777 3504 79
790 3454 910 3520 sq..)
967 3456 1027 3505 at
1053 3451 1122 3517 cf
1145 3451 1229 3504 M.
1252 3450 1464 3504 Μιῖῑῖεν
1481 3451 1582 3505 Ph.
1596 3466 1655 3518 p
1676 3453 1788 3504 263
1802 3465 1876 3518 sq
1906 3449 2057 3520 11320
2085 3464 2272 3502 exem-

250 3521 408 3590 plum
436 3520 692 3591 ingensE
723 3524 881 3589 (corr.
904 3521 1155 3590 [Aps-ius)
1191 3537 1291 3575 om
1312 3525 1358 3572 Δ
1390 3523 1397 3589 1
1431 3520 1581 3574 edite
1600 3520 1802 3592 Δ11327
1832 3521 1885 3573 1).
1916 3523 1974 3574 et
2001 3519 2159 3574 nefas
2187 3522 2270 3588 Δ11

252 3596 356 3645 323
395 3594 618 3661 sceptra
653 3596 726 3643 Δτ
765 3595 773 3660 1
806 3592 1024 3647 comitti
1060 3598 1103 3644 Ε
