2658 4117
374 234 406 294 1
419 232 501 293 14
1018 232 1076 284 L.
1107 231 1390 285 ANNAEI
1429 231 1754 287 SENECAE

368 381 481 439 tuo
527 375 783 439 redibisss
875 376 1105 440 melius
1150 378 1292 442 istis
1340 378 1585 441 viribus

369 485 536 527 nova
578 485 778 548 regna
820 464 1000 527 nullo
1048 467 1283 529 scelere
1329 466 1649 531 maculata
1694 472 1973 550 appetes.
2290 482 2396 534 620

370 554 528 634 quin
571 553 707 634 ipse
752 553 950 615 frater
996 576 1173 617 arma
1217 555 1560 619 comitatus
1608 559 1721 618 tua

368 640 490 703 tibi
535 640 859 703 militabit.
949 641 1109 705 vade
1157 645 1222 705 et
1267 642 1334 706 id
1381 642 1624 707 bellum
1671 665 1850 728 gere·

367 729 435 791 in
483 750 609 810 quo
656 733 837 811 pater
882 733 1210 813 materque
1257 732 1574 816 pugnanti
1620 732 1742 795 tibi

365 817 578 880 favere
624 818 890 899 possint.
980 839 1180 903 regna
1226 841 1371 883 cum
1420 821 1654 884 scelere
1701 821 1998 885 omnibus

368 908 519 968 sunt
564 905 748 969 exilis
797 907 1109 990 graviora.
1200 930 1373 972 nunc
1419 909 1574 972 belli
1619 909 1789 971 mala
2290 926 2394 975 625

366 1015 681 1076 propone,
728 994 953 1057 dubias
1000 994 1225 1070 Martis
1272 997 1501 1060 incerti
1545 997 1743 1061 vices:

363 1082 516 1144 licet
564 1103 752 1145 omne
798 1085 1011 1146 tecum
1061 1081 1359 1149 Graeciae
1404 1085 1603 1148 robur
1648 1086 1892 1167 trahae,

362 1170 517 1233 licet
561 1192 737 1232 arma
781 1172 974 1255 longe
1020 1172 1204 1236 miles
1252 1193 1326 1236 ac
1372 1174 1500 1237 late
1547 1173 1852 1256 explicet,

362 1259 622 1321 fortuna
668 1259 821 1322 belli
869 1281 1119 1343 semper
1164 1261 1432 1343 ancipiti
1476 1263 1545 1325 in
1589 1263 1732 1326 loco
1781 1266 1893 1325 est.

365 1346 814 1429 quodcumque
860 1345 1034 1411 Mars
1082 1349 1392 1434 decernit3
1439 1353 1754 1443 exaequat
1799 1349 1990 1433 duOS,
2287 1368 2391 1416 630

362 1435 515 1498 licet
559 1435 835 1517 impares
884 1437 1038 1520 sint,
1085 1437 1366 1522 gladius3
1412 1440 1478 1501 et
1524 1459 1668 1520 spes
1716 1441 1782 1501 et
1826 1442 2035 1501 metus

361 1522 520 1586 Fors
567 1545 754 1588 caeca
798 1528 1025 1588 versat.
1118 1525 1475 1608 praemium
1522 1527 1834 1589 incertum
1884 1528 2076 1610 petis,

363 1615 606 1674 certum
656 1613 879 1676 scelus
970 1613 1204 1677 favisse
1249 1614 1353 1677 fac
1399 1615 1568 1677 votis
1615 1614 1766 1678 deos
2165 1626 2169 1631 ’

363 1721 583 1763 omnes
630 1701 786 1764 tuis.
834 1722 1075 1764 cessere
1123 1705 1188 1765 et
1232 1703 1440 1766 aversi
1483 1702 1704 1786 fugam

362 1789 601 1871 petiere
649 1790 846 1871 cives,
893 1789 1068 1853 clade
1115 1792 1372 1854 funesta
1416 1791 1629 1854 iacens
2283 1809 2387 1856 635

362 1877 612 1940 obtexit
656 1899 843 1962 agros
892 1879 1075 1942 miles
1122 1915 1209 1924 ——
1256 1880 1503 1943 exultes
1548 1880 1703 1943 licet

360 1965 692 2048 victorque
736 1966 954 2029 fratris
1001 1967 1209 2049 spolia
1255 1967 1484 2030 deiecti
1529 1988 1739 2051 geras·

358 2053 712 2139 frangenda
757 2055 972 2137 palma
1018 2058 1130 2119 est.
1225 2056 1413 2138 quale
1459 2061 1531 2119 tu
1576 2056 1703 2119 hoc
1749 2056 1989 2120 bellum
2037 2061 2252 2140 putas,

360 2142 429 2204 in
475 2162 602 2223 quo
651 2143 1071 2207 execrandum
1120 2144 1328 2208 victor
1375 2145 1658 2207 admittit
1702 2145 1908 2227 nefaS,

360 2229 415 2293 si
462 2229 745 2331 gaudet?
787 2230 960 2296 hunc
1007 2252 1196 2313 quem
1243 2232 1498 2296 vincere
1546 2233 1770 2296 infelix
1818 2233 1998 2315 cupis
2010 2282 2027 2315 ,
2280 2250 2386 2298 640

359 2339 506 2382 cum
553 2318 809 2401 viceriS,
855 2319 1124 2404 lugebis,
1217 2320 1529 2384 infaustas
1576 2342 1694 2405 age

360 2405 613 2469 dimitte
659 2427 909 2490 pugnas
920 2456 938 2489 ,
982 2408 1186 2471 libera
1231 2409 1505 2490 patriam
1553 2413 1756 2490 metu,

356 2494 537 2557 luctu
584 2499 895 2576 parentes.
987 2512 1140 2559 POL.
1190 2494 1460 2560 Sceleris
1508 2501 1572 2559 et
1616 2496 1858 2560 fraudis
1905 2519 2055 2560 suae

357 2603 596 2665 poenas
643 2582 953 2647 nefandus
1000 2584 1198 2647 frater
1242 2587 1316 2647 ut
1361 2585 1571 2648 nullas
1618 2584 1824 2648 ferat?

357 2686 491 2733 100.
537 2669 639 2734 Ne
686 2674 916 2734 metue.
998 2693 1238 2753 poenas
1286 2675 1352 2735 et
1398 2672 1656 2754 quidem
1704 2673 1910 2735 solvet
1957 2694 2208 2757 graves:
2281 2690 2383 2738 645

355 2759 671 2842 regnabit.
754 2762 852 2822 est
895 2758 1054 2823 haec
1100 2782 1323 2842 poena.
1407 2761 1462 2823 si
1509 2760 1791 2842 dubitas,
1838 2782 1956 2824 avo

356 2846 652 2929 patrique
699 2846 907 2911 crede:
956 2844 1232 2911 Cadmus
1277 2849 1405 2912 hoc
1452 2848 1620 2912 dicet
1665 2847 1787 2911 tibi

358 2934 708 3017 Cadmique
754 2937 986 3017 proleS.
1078 2939 1327 3018 sceptra
1374 2935 1681 3000 Thebano
1728 2936 1856 2999 fuit

355 3025 618 3105 impune
667 3024 830 3086 nulli
876 3045 1123 3108 gerere,
1170 3046 1287 3089 nec
1335 3025 1677 3107 quisquam
1724 3024 1849 3087 fide

498 3149 593 3196 619
630 3144 758 3197 mel.
788 3161 920 3197 usus
949 3145 1047 3197 vir.
1078 3149 1124 3196 A
1151 3148 1168 3213 ΙΙ
1197 3150 1299 3197 627
1339 3144 1492 3214 regie
1521 3145 1691 3198 robur
1720 3149 1793 3196 At
1828 3147 1846 3212 n
1876 3150 1979 3197 630
2018 3145 2271 3200 decreuit
2299 3165 2337 3201 τ
2366 3147 2387 3218 Η

355 3219 451 3266 631
490 3214 682 3283 gladio
719 3220 762 3266 Ε
826 3217 843 3284 ΙΙ
910 3220 1014 3268 632
1054 3232 1169 3268 sors
1208 3233 1263 3269 ω
1301 3232 1438 3270 corr.
1475 3217 1550 3270 N.
1589 3215 1862 3270 Heinsius
1890 3232 1948 3283 p.
1989 3219 2061 3269 59
2101 3218 2194 3284 (cf.
2226 3218 2381 3287 Very.

353 3286 444 3338 ecl.
477 3291 529 3350 9,
559 3289 617 3352 5)
670 3287 677 3349 Ι
728 3286 874 3354 petit
910 3297 966 3351 ψ
1021 3287 1039 3354 ΙΙ
1095 3291 1196 3338 635
1235 3286 1464 3354 petiere.
1524 3284 1680 3339 Cives
1720 3303 1764 3339 c.
1805 3285 1842 3341 f.
1883 3285 2085 3340 iacent.
2144 3290 2385 3357 Rutyers

349 3372 405 3421 p.
439 3326 543 3409 60'1
585 3357 726 3423 (coll.
757 3357 945 3411 Aesch
984 3357 1196 3424 Septem
1229 3360 1367 3424 200)
1414 3359 1433 3425 ΙΙ
1480 3362 1582 3410 636
1619 3357 1782 3410 miles
1821 3373 1985 3426 agros
2022 3362 2065 3408 Ε
2111 3359 2129 3424 ΙΙ
2176 3363 2278 3410 638
2316 3360 2381 3411 tu

353 3424 413 3477 id
451 3425 503 3478 b.
534 3429 580 3476 A
625 3430 642 3494 ΙΙ
688 3431 791 3479 643
830 3427 986 3481 luctu
1024 3443 1142 3496 par
1175 3426 1303 3481 scel.
1335 3429 1392 3480 et
1429 3444 1528 3481 om.
1559 3433 1602 3479 Ε
1640 3429 1842 3496 (habet.-
1878 3446 1995 3482 ron.
2026 3426 2092 3481 fr.
2123 3428 2186 3495 s.)
2221 3430 2228 3495 Ι
2260 3446 2378 3483 1³01..

353 3512 454 3548 om.
484 3499 530 3546 A
566 3497 583 3562 11
626 3501 727 3549 645
766 3515 872 3551 ιοο.
903 3514 1003 3552 om.
1033 3502 1079 3549 A
1120 3500 1137 3567 ΙΙ
1179 3503 1282 3551 646
1319 3497 1460 3550 haec
1498 3500 1584 3551 est
1619 3509 1675 3563 ψ
1721 3500 1739 3568 ΙΙ
1787 3503 1889 3551 648
1928 3497 2244 3551 Thebarum
2283 3517 2326 3552 α
2363 3501 2383 3569 ΙΙ

353 3569 458 3617 649
495 3565 632 3634 Imp.
664 3585 715 3619 n.
747 3567 1064 3638 gwlNecq
1095 3568 1140 3621 f.
1175 3574 1218 3620 E
