2658 4117
402 236 586 290 XXVI
1213 234 1625 289 PRAEFATIO

399 387 581 447 habes
610 380 1014 555 >sepulcrqu
1109 383 1196 444 Of.
1243 385 1457 462 Peiper
1512 385 1717 462 Suppl
1765 407 1821 462 p
1859 387 1970 461 35,
2007 386 2117 444 Rh.
2156 386 2304 446 Mus.
2340 389 2422 445 37

403 469 429 558 (
539 566 594 622 7.
639 564 1096 641 Augustinus
1157 566 1365 622 contra
1423 563 1711 622 Faustum
1774 565 1875 638 20,
1915 566 1952 622 9
2014 556 2270 646 (Corpus
2320 563 2424 622 SS.

401 653 537 712 eccl.
585 651 840 712 Vindob.
877 652 1059 728 XXV,
1095 644 1188 732 1).
1252 650 1409 711 unde
1455 650 1697 727 quidam
1754 670 1956 712 eorum
2000 654 2262 731 tragicus
2311 655 2423 712 ait:

685 740 859 800 deum
904 759 1027 800 esse
1074 759 1337 801 amorem
1380 742 1573 817 turpis
1620 744 1682 799 et
1724 742 1875 800 vitio
1922 742 2129 801 favens

682 829 854 889 finxit
898 829 1099 888 libido.

401 914 648 998 [Phaed
684 921 806 978 195
826 912 901 997 s]
951 917 1036 978 Of.
1084 918 1329 977 Richter
1372 917 1525 977 Krit.
1573 917 1806 977 UnterS.
1853 939 1909 995 p.
1942 920 1978 977 6
2019 938 2076 977 n.
2108 921 2165 977 2.

533 1009 590 1067 8.
642 1007 976 1066 Sidonius
1022 1007 1479 1083 Apollinaris
1529 998 1815 1087 (Menum.
1855 1006 2047 1067 Germ.
2081 1008 2219 1068 hist.
2249 1007 2424 1068 Auct.

398 1098 706 1173 antiquiss.
735 1095 899 1154 VIII.
973 1096 1167 1156 Berol.
1203 1087 1403 1176 1887)
1450 1114 1495 1154 c.
1526 1095 1611 1153 IX
1652 1097 1811 1154 231.

717 1204 835 1244 non
881 1185 1039 1260 quod
1088 1183 1362 1244 Corduba
1406 1187 1761 1261 praepotens
1809 1185 2064 1245 alumnis

718 1274 1037 1333 facundum
1083 1275 1199 1333 ciet
1241 1273 1340 1331 hic
1385 1276 1557 1350 putes
1603 1273 1937 1351 legendum.

658 1376 685 1421 γ·
718 1380 968 1439 quorum
1012 1381 1164 1422 unus
1211 1362 1356 1421 colit
1399 1360 1700 1438 hispidum
1747 1361 2003 1422 Platona

715 1451 1126 1527 incassumque
1173 1469 1349 1510 suum
1393 1453 1595 1511 monet
1638 1451 1953 1527 Neronem,

717 1541 1080 1601 orchestram
1124 1541 1270 1600 colit
1317 1541 1470 1598 alter
1514 1539 1837 1615 EuripidiS,

715 1631 943 1706 pictum
987 1628 1249 1688 faecibus
1295 1627 1658 1705 Aeschylum
1704 1632 1936 1688 secutus

718 1721 824 1778 aut
867 1718 1152 1794 plaustris
1199 1717 1443 1776 solitum
1489 1735 1698 1777 sonare
1746 1718 2024 1795 Thespin,

718 1808 823 1883 qui
866 1808 1004 1883 post
1048 1806 1285 1883 pulpita
1329 1807 1479 1865 trita
1525 1806 1633 1865 sub
1680 1808 1969 1868 cothurno

717 1895 1012 1955 ducebant
1058 1895 1251 1954 olidae
1296 1915 1524 1954 marem
1569 1895 1831 1971 capellae

714 2004 980 2063 pugnam
1025 1985 1238 2042 tertius
1283 1983 1387 2043 ille
1434 1982 1731 2043 Gallicani

467 2083 470 2086 '
716 2074 868 2133 dixit
914 2071 1181 2132 Caesaris
1228 2075 1337 2132 etc.

395 2162 481 2221 Id.
520 2181 567 2222 c.
606 2162 755 2221 XIII
801 2155 907 2244 (ad
955 2153 1365 2243 Consentium)
1411 2183 1465 2221 v.
1511 2164 1663 2221 162:

717 2251 862 2326 quid
908 2252 1092 2311 celsos
1141 2249 1393 2310 Senecas
1437 2252 1652 2327 loquar
1698 2251 1792 2310 vel
1834 2251 2005 2309 illum

715 2359 890 2416 quem
936 2339 1042 2399 dat
1084 2339 1324 2399 Bilbilis
1373 2340 1500 2399 alta
1544 2339 1882 2398 Martialem

714 2432 1008 2488 terrarum
1051 2428 1363 2508 indigenas
1408 2426 1866 2487 Hibericarum?

396 2516 484 2577 Of.
523 2517 767 2576 Richter
801 2517 891 2575 De
934 2516 1154 2577 Seneca
1191 2520 1344 2595 trag.
1378 2519 1533 2575 auct.
1562 2536 1618 2592 p.
1652 2519 1749 2576 7s.
1796 2515 2009 2592 Peiper
2037 2515 2242 2594 Suppl.
2273 2538 2331 2593 p.
2366 2520 2420 2575 1.

394 2661 397 2664 ,
528 2606 801 2684 Vestigia
845 2607 1201 2666 imitationis
1237 2606 1600 2665 Annaeanae
1646 2608 1990 2682 comparent
2033 2607 2098 2663 in
2140 2607 2236 2666 his
2274 2606 2420 2666 locis

397 2714 433 2754 a
467 2695 717 2772 Peipero
756 2695 1016 2754 collatis:
1065 2693 1125 2754 O.
1155 2695 1345 2769 XXII,
1375 2695 1458 2753 89
1498 2713 1541 2755 s.
1576 2696 1658 2755 94
1706 2698 1766 2753 et
1811 2693 1941 2754 Sen.
1981 2695 2152 2755 Herc.
2182 2695 2232 2770 I,
2262 2697 2423 2770 3903

396 2783 537 2844 Oed.
579 2785 723 2846 616.
765 2785 911 2844 635.
973 2816 1057 2824 ——
1123 2781 1184 2842 O.
1223 2783 1369 2858 VH,
1409 2784 1519 2858 53,
1563 2785 1687 2842 124
1736 2786 1796 2842 et
1840 2783 2058 2843 Phaed.
2102 2785 2270 2842 1123
2293 2802 2420 2859 sqq.

399 2875 567 2932 1128
591 2891 718 2949 sqq.
768 2904 852 2914 -—
900 2892 988 2948 ep.
1018 2872 1050 2930 I
1079 2873 1138 2947 5,
1167 2874 1206 2930 4
1246 2875 1306 2931 et
1344 2872 1491 2948 Thy.
1523 2873 1669 2931 465.

467 2990 471 2993 >
532 2964 587 3020 9.
638 2961 1017 3020 Statianae
1074 2960 1477 3020 Thebaidos
1534 2963 2082 3036 commentator,
2148 2961 2255 3038 qui
2307 2959 2423 3020 La·

395 3052 609 3110 ctantii
637 3043 930 3128 [Luctatii
940 3045 998 3129 ?]
1038 3049 1268 3108 Placidi
1303 3052 1542 3109 nomine
1580 3050 1786 3125 fertur,
1823 3049 1900 3108 ad
1938 3049 2118 3108 Theb.
2146 3049 2235 3107 IV
2266 3051 2422 3109 530:

398 3141 540 3214 quia
586 3139 780 3199 Minos
818 3158 879 3199 se
916 3158 1036 3198 non
1081 3141 1151 3197 ut
1195 3158 1396 3216 regem
1436 3140 1542 3198 aut
1586 3142 1925 3214 tyrannum,
1963 3138 2064 3197 sed
2110 3140 2424 3215 tamquam

396 3247 582 3285 unum
636 3227 707 3286 de
761 3228 932 3305 plebe
988 3229 1199 3306 gessit,
1254 3246 1406 3303 quae
1461 3228 1593 3287 laus
1648 3246 1878 3287 summa
1932 3230 2037 3288 est.
2085 3230 2154 3286 ut
2200 3226 2424 3287 Seneca

395 3318 459 3374 in
506 3316 761 3392 Thyeste
808 3307 1317 3396 [342—352]:*)

400 3499 401 3502 ,
540 3449 587 3517 *)
632 3450 789 3505 Idem
836 3466 981 3518 quae
1020 3451 1160 3505 dicit
1197 3450 1271 3504 ad
1307 3450 1410 3504 Th.
1438 3450 1517 3505 IV
1547 3456 1648 3505 158
1698 3449 2000 3505 ‘Hercules
2046 3466 2111 3504 eo
2156 3449 2280 3503 loco
2329 3449 2423 3503 cui

396 3519 653 3575 Prestion
690 3537 892 3576 nomen
930 3523 1045 3577 est'
1089 3521 1162 3574 ad
1201 3522 1271 3575 Η.
1292 3541 1337 3575 11
1367 3528 1504 3576 1446
1543 3524 1694 3592 (utp
1696 3522 1862 3577 ressit
1892 3520 2088 3591 Oeten)
2124 3519 2425 3575 referenda

396 3607 536 3658 esse,
574 3592 665 3645 vix
704 3592 810 3647 erit
848 3592 945 3659 qui
984 3609 1110 3645 cum
1146 3591 1445 3647 Welckero
1474 3592 1587 3663 (Gr.
1617 3593 1781 3663 Trag.
1811 3611 1865 3662 p.
1892 3594 2047 3661 1448)
2082 3592 2424 3648 contendere
