2658 4117
859 265 1234 320 HERCVLES
1272 267 1648 339 [OETAEVS]
2129 269 2258 333 369

241 416 305 475 te
353 412 814 495 deprecantem.
905 432 1075 474 nunc
1122 412 1283 476 mihi
1328 414 1492 477 irata
1537 416 1573 477 †
1620 418 1803 497 pater

243 522 403 584 opus
450 504 547 564 est
591 522 867 564 noverca
906 538 987 545 —
1026 522 1198 565 nunc
1243 506 1393 566 tuus
1442 507 1646 567 cessat
1692 503 1915 567 dolor?

239 610 411 653 nunc
459 589 605 653 odia
651 590 881 672 ponis?
926 590 1134 672 parcis
1181 591 1294 654 ubi
1340 595 1564 655 votum
1611 595 1708 656 est
1753 593 1933 656 mori.

242 699 280 741 o
327 682 494 742 terra
539 682 602 742 et
646 678 863 760 urbes,
905 700 1040 742 non
1082 678 1287 743 facem
1336 680 1673 763 quisquam
1721 679 2011 766 Herculi,
2123 699 2260 748 1325

240 789 375 830 non
419 790 594 831 arma
637 767 885 832 tradet?
931 768 1059 831 tela
1105 769 1483 833 subtrahitis
1530 769 1734 833 mihi‘?

242 857 334 919 ita
376 857 555 919 nulla
600 878 818 920 saevas
864 861 1035 920 terra
1081 858 1403 942 concipiat
1448 859 1612 923 feras

122 992 129 997 -
242 949 389 1028 post
434 967 535 1010 me
582 946 907 1028 sepultum
952 966 1069 1009 nec
1114 969 1286 1011 meas
1336 969 1642 1029 umquam
1689 970 1917 1013 manus

241 1034 543 1117 imploret
589 1034 790 1116 orbis,
836 1035 890 1098 si
938 1057 1064 1117 qua
1107 1041 1454 1101 nascentur
1498 1037 1698 1119 mala,

239 1128 539 1188 nascatur
580 1124 777 1187 ultor:
824 1123 1105 1207 undique
1152 1125 1378 1189 infelix
1425 1130 1619 1208 caput
2127 1143 2265 1193 1330

243 1215 517 1277 mactate
565 1213 764 1295 saxis,
810 1214 1046 1277 vincite
1094 1236 1426 1279 aerumnas
1474 1236 1664 1279 meas.

240 1303 492 1387 ingrate
540 1324 747 1366 cessas
795 1302 1012 1367 orbis?
1063 1303 1418 1367 excidimus
1466 1304 1630 1368 tibi‘?

242 1391 457 1455 adhuc
503 1392 690 1454 malis
736 1390 1014 1473 ferisque
1061 1393 1435 1476 suppositus
1482 1393 1679 1476 fores,

240 1480 312 1542 ni
358 1502 459 1543 me
505 1480 784 1543 tulisses.
876 1480 1193 1544 vindicem
1239 1482 1437 1545 vestri
1483 1483 1668 1545 malis

242 1568 497 1651 eripite,
541 1568 792 1651 populi:
838 1571 1093 1652 tempus
1138 1568 1263 1632 hoc
1307 1570 1494 1634 vobis
1543 1570 1730 1634 datur
2128 1587 2266 1636 1336

245 1678 516 1741 pensare
562 1657 790 1719 merita
829 1694 910 1702 -—
950 1678 1122 1720 mors
1168 1658 1290 1721 erit
1336 1658 1614 1741 pretium
1661 1660 1968 1723 omnium.
2273 1689 2277 1690 ⁷

300 1900 308 1907 ,
379 1849 586 1897 ALGM.
634 1830 804 1908 Quas
850 1834 1082 1898 misera
1126 1839 1326 1899 terras
1374 1840 1579 1901 mater
1613 1833 1880 1901 Alcidae
1925 1839 2184 1921 petam?

250 1922 365 1985 ubi
409 1926 629 2004 natus,
674 1922 981 1987 ubinam?
1027 1927 1199 1988 certa
1244 1925 1300 1988 si
1346 1925 1519 1989 visus
1567 1929 1780 2008 notat,

246 2011 503 2076 reclinis
551 2031 696 2076 ecce
741 2012 929 2076 corde
976 2011 1314 2079 anhelante
1362 2018 1637 2097 aestuat3

246 2102 473 2186 gemit:
520 2105 849 2184 peractum
896 2107 1007 2167 est.
1091 2103 1377 2167 membra
1423 2104 1742 2187 conplecti
1788 2105 2042 2188 ultima,
2136 2122 2274 2173 1340

255 2212 292 2253 o
338 2192 488 2253 nate
497 2239 521 2271 7
559 2190 776 2273 liceat,
822 2192 1087 2274 spiritus
1131 2192 1387 2277 fugiens
1435 2215 1579 2258 meo

246 2279 503 2363 legatur
549 2300 682 2342 ore:
730 2279 1052 2358 bracchia,
1101 2282 1432 2364 amplexus
1480 2303 1651 2366 cape.

245 2367 363 2431 ubi
408 2368 696 2432 membra
742 2370 933 2433 sunt?
977 2369 1092 2433 ubi
1136 2370 1249 2433 illa
1294 2393 1459 2454 quae
1504 2371 1816 2435 mundum
1862 2373 2014 2437 tulit

248 2457 579 2541 stelligera
625 2458 882 2522 cervix?
928 2459 1071 2541 quis
1118 2459 1239 2523 tibi
1286 2459 1586 2545 exiguam
1631 2460 1729 2524 tui

248 2549 499 2629 partem
528 2546 835 2628 reliquit?
890 2564 1091 2612 HERC.
1129 2546 1477 2613 Herculem
1505 2553 1756 2632 spectas
1787 2550 2064 2633 quidem,
2139 2567 2274 2615 1346

253 2638 476 2717 mater,
523 2634 632 2698 sed
677 2635 972 2700 umbram
1020 2641 1084 2701 et
1131 2638 1255 2701 vile
1299 2639 1517 2703 nescio
1566 2638 1720 2720 quid
1768 2640 1910 2702 mei.

248 2745 557 2813 agnosce,
604 2728 808 2788 mater
850 2762 925 2773 —
968 2747 1080 2789 ora
1126 2726 1283 2809 quid
1326 2727 1533 2792 flectis
1579 2731 1748 2791 retro

392 2920 526 2968 1322
567 2918 625 2970 te
661 2917 731 2971 de
766 2920 1033 2985 precante
1067 2924 1111 2970 Ξ
1153 2921 1160 2987 Ι
1200 2918 1350 2972 irata
1387 2919 1616 2988 quidem
1652 2924 1697 2971 A
1742 2917 1891 2973 irata
1929 2921 2133 2975 acriter
2168 2921 2274 2975 vel:

244 2987 337 3039 ira
380 2989 467 3040 ter
504 2989 702 3055 quater
739 3005 786 3041 0.
826 3005 872 3043 e.
911 3005 1179 3044 novercae
1226 2990 1451 3045 Richter
1504 2991 1651 3044 irata
1695 2989 1924 3059 insuper
1970 2992 2281 3046 Koetschau

245 3058 399 3111 irata
436 3073 504 3111 ac
538 3059 659 3113 fera
703 3060 817 3114 Leo
869 3062 888 3129 ΙΙ
942 3066 1074 3114 1323
1130 3079 1266 3114 num
1321 3067 1365 3113 B
1420 3064 1437 3130 ΙΙ
1491 3066 1626 3114 1324
1680 3080 1814 3115 num
1851 3080 1917 3117 eoe
1954 3079 2085 3115 nom
2138 3063 2209 3114 ΕΙ
2263 3066 2281 3132 ΙΙ

249 3134 384 3182 1325
422 3131 570 3183 terre
597 3135 642 3182 A
669 3133 687 3200 u
715 3136 846 3184 1328
886 3132 1106 3201 sepulto
1144 3138 1187 3184 B
1215 3135 1233 3202 ΙΙ
1261 3137 1395 3186 1329
1431 3135 1692 3186 nascetur
1719 3134 1840 3187 fera
1867 3139 1912 3186 A
1938 3135 1956 3202 ΙΙ
1984 3139 2117 3186 1330
2154 3149 2279 3186 nas-

248 3202 414 3254 catur
452 3200 596 3255 alius
635 3206 680 3253 A
732 3205 996 3257 nascetur
1032 3203 1223 3258 odium
1259 3210 1303 3256 B
1353 3221 1491 3259 corr.
1531 3205 1730 3272 Peiper
1781 3206 2065 3273 (nascatur
2102 3204 2284 3274 opifer

248 3271 386 3340 Leo)
414 3273 432 3340 ΙΙ
461 3277 586 3325 1331
621 3275 868 3328 mactare
896 3280 939 3328 E
966 3277 985 3343 ΙΙ
1012 3280 1146 3329 1384
1180 3276 1428 3329 vestrum
1453 3280 1501 3327 A
1536 3274 1733 3329 vestris
1760 3282 1804 3328 B
1841 3293 1976 3331 corr.
2010 3276 2083 3330 N.
2105 3277 2281 3330 Hein-

246 3343 371 3423 sius
388 3360 449 3411 p.
469 3347 581 3397 279
607 3346 626 3413 ΙΙ
653 3349 784 3398 1885
823 3345 1066 3415 excipite
1103 3351 1148 3398 A
1175 3349 1193 3415 ΙΙ
1219 3352 1356 3400 1388
1392 3348 1625 3416 pensate
1653 3352 1698 3399 A
1725 3349 1744 3416 ΙΙ
1771 3351 1902 3400 1838
1931 3347 2030 3401 ubi
2059 3348 2211 3401 intus
2238 3353 2282 3399 B
2365 3396 2368 3397 γ

249 3413 487 3468 ubinam
523 3416 611 3469 est
663 3421 708 3468 A
760 3419 779 3485 u
832 3422 966 3470 1388
1020 3418 1312 3472 anhelanti
1367 3423 1412 3470 A
1465 3421 1483 3487 ΙΙ
1538 3423 1672 3472 1840
1725 3418 1988 3472 ultimum
2033 3421 2213 3474 Bothe
2266 3421 2285 3488 ΙΙ

248 3490 390 3539 1842
444 3486 677 3542 brachia
731 3490 789 3542 et
843 3489 1132 3557 amplexus
1177 3496 1221 3542 Ξ
1277 3490 1544 3546 bracchia
1604 3490 1664 3543 in
1712 3490 2000 3559 amplexus
2045 3496 2093 3543 A
2145 3506 2282 3546 corr.

250 3557 481 3612 Richter
506 3560 524 3627 ΙΙ
552 3563 685 3611 1844
721 3560 807 3612 tui
832 3577 900 3614 εει)
926 3562 1026 3614 tua
1052 3561 1126 3613 8²
1151 3563 1170 3630 ΙΙ
1196 3566 1328 3614 1846
1367 3561 1611 3630 reliquid
1643 3564 1652 3631 Ι
1685 3562 1810 3629 quis
1838 3562 2015 3616 feram
2043 3562 2284 3616 mundus

251 3634 498 3682 nouam?
531 3633 538 3697 Ι
570 3648 723 3683 nnc.
762 3630 1059 3686 Herculem
1096 3638 1139 3684 B
1179 3636 1249 3700 (v.
1280 3636 1448 3701 1349)
1475 3635 1497 3702 fl
1524 3638 1659 3687 1848
1695 3634 1890 3688 umbre
1927 3633 2110 3688 simile
2147 3639 2192 3686 A

366 3727 587 3768 SnuncAn
616 3739 938 3770 mancorum.
1895 3729 1964 3777 24
