2658 4117
1103 218 1444 308 'TROADEs
2206 259 2291 323 59

257 424 489 467 aevum
538 403 796 463 senecta
841 399 1068 462 ducere
1116 420 1189 462 ac
1235 399 1406 482 Pylii
1452 403 1621 465 senis

256 490 707 556 transcendere
755 510 985 571 annos,
1030 489 1208 551 exuit
1254 490 1477 553 matris
1524 491 1706 556 dolos

259 582 586 662 falsasque
633 581 872 658 vestes,
917 579 1127 641 fassus
1175 582 1272 641 est
1318 580 1512 642 armis
1558 581 1808 644 virum?

259 668 645 751 inhospitali
689 666 1011 749 Telephus
1057 689 1256 752 regno
1306 668 1652 752 impotens,
2188 688 2291 735 215

263 761 416 823 dum
463 756 712 840 Mysiae
759 757 989 820 ferocis
1038 756 1340 820 introitus
1385 762 1607 842 negat,

261 848 487 912 rudem
534 867 759 910 cruore
804 846 983 931 regio
1032 846 1319 909 dextram
1369 846 1602 910 imbuit

263 939 625 1018 fortemque
674 935 938 998 eandem
987 935 1185 998 sensit
1231 938 1295 998 et
1341 935 1563 998 mitem
1610 960 1888 1001 manum.

264 1026 548 1090 cecidere
595 1019 879 1106 Thebae,
924 1024 1087 1087 vidit
1131 1022 1369 1087 Eetion
1415 1026 1559 1108 capi

266 1137 382 1179 sua
427 1136 629 1199 regna
673 1114 912 1196 victus3
960 1113 1135 1176 clade
1184 1113 1488 1177 subversa
1534 1118 1632 1178 est
1675 1116 1814 1198 pari
2190 1132 2293 1179 220

265 1204 565 1287 apposita
610 1203 780 1265 celso
828 1224 1026 1285 parva
1069 1201 1389 1286 Lyrnesos
1436 1203 1587 1288 iugo
1599 1253 1616 1285 ,

264 1297 580 1376 captaque
627 1293 819 1355 tellus
863 1291 1102 1355 nobilis
1147 1290 1434 1355 Briseide

267 1386 332 1446 et
377 1403 573 1445 causa
616 1381 753 1444 litis
798 1380 1060 1465 regibus
1106 1378 1348 1464 Chryse
1395 1381 1559 1444 iacet

267 1475 330 1535 et
375 1475 533 1534 nota
569 1464 751 1533 'fama
797 1469 1085 1533 Tenedos
1133 1473 1196 1532 et
1243 1492 1405 1552 quae
1453 1491 1689 1553 pascuo

265 1561 541 1624 fecunda
586 1559 817 1644 pingui
862 1557 1168 1621 Thracios
1214 1559 1420 1622 nutrit
1467 1581 1691 1644 greges
2190 1574 2292 1623 225

273 1647 506 1732 Scyros
552 1649 919 1729 fretumque
965 1646 1209 1711 Lesbos
1255 1646 1585 1733 Aegaeum
1633 1669 1850 1711 secans

269 1743 334 1802 et
379 1759 525 1800 cara
569 1736 833 1800 Phoebo
883 1733 1074 1819 Cilla3
1122 1736 1276 1819 quid
1324 1759 1482 1819 quas
1531 1738 1716 1800 alluit

269 1828 481 1891 vernis
530 1824 779 1909 Caycus
828 1826 1150 1910 gurgitem
1197 1828 1498 1890 attollens
1545 1826 1770 1908 aquis?

271 1917 428 1980 haec
473 1919 656 1978 tanta
702 1914 913 1978 clades
960 1915 1249 2000 gentium
1297 1936 1372 1978 ac
1418 1918 1634 1978 tantus
1681 1936 1898 1997 pavor,

273 2027 528 2090 sparsae
573 2009 674 2069 tot
719 2003 909 2068 urbes
956 2004 1233 2068 turbinis
1279 2005 1447 2068 vasti
1492 2005 1682 2068 modo
2192 2020 2295 2069 230

272 2096 532 2159 alterius
581 2098 748 2158 esset
794 2094 1000 2179 gloria
1046 2114 1119 2157 ac
1165 2116 1488 2157 summum
1536 2095 1752 2157 decus:

272 2185 391 2248 iter
437 2188 537 2247 est
581 2181 885 2266 Achillis3
933 2183 1025 2245 sic
1070 2205 1249 2246 meus
1296 2184 1473 2246 venit
1519 2187 1700 2266 pater

270 2278 333 2337 et
378 2276 561 2336 tanta
609 2273 809 2357 gessit
854 2272 1050 2354 bella,
1096 2272 1248 2335 dum
1296 2272 1537 2335 bellum
1584 2277 1782 2355 parat.

269 2367 343 2426 ut
390 2363 517 2425 alia
564 2363 788 2425 sileam
835 2362 1090 2443 merita,
1136 2383 1267 2424 non
1312 2384 1479 2424 unus
1527 2362 1680 2424 satis

269 2450 514 2515 Hector
557 2451 830 2514 fuisset?
876 2448 1068 2513 Ilium
1114 2451 1271 2513 vicit
1316 2453 1514 2532 pater,
2191 2465 2293 2513 235

270 2563 384 2604 vos
433 2540 737 2603 diruistis,
829 2539 1083 2602 inclitas
1129 2539 1349 2602 laudes
1397 2540 1573 2601 iuvat

273 2633 336 2693 et
382 2630 555 2693 facta
601 2629 822 2713 magni
869 2630 1039 2691 clara
1086 2629 1394 2713 genitoris
1442 2628 1648 2710 sequi:

273 2718 471 2782 iacuit
517 2720 888 2801 peremptus
934 2716 1178 2780 Hector
1222 2721 1370 2780 ante
1419 2718 1637 2780 oculos
1685 2718 1884 2800 patris

270 2807 613 2891 patruique
661 2806 993 2888 Memnon,
1040 2808 1221 2870 cuius
1269 2806 1353 2869 ob
1398 2807 1645 2869 luctum
1692 2828 1919 2890 parens

270 2898 552 2979 pallente
599 2900 914 2959 maestum
961 2896 1232 2978 protulit
1276 2896 1461 2959 vultu
1508 2895 1702 2979 diem3
2193 2909 2296 2955 240

271 2987 499 3068 suique
547 2986 756 3049 victor
802 2985 1010 3067 operis
1058 2985 1423 3067 exemplum
1469 2984 1720 3047 horruit

273 3075 625 3156 didicitque
671 3073 958 3138 Achilles
1007 3079 1070 3138 et
1116 3074 1232 3137 dea
1277 3077 1463 3137 natos
1510 3074 1691 3137 mori.

270 3169 409 3228 tum
460 3186 650 3227 saeva
693 3161 986 3226 Amazon
1032 3164 1297 3226 ultimus
1347 3163 1578 3227 cecidit
1621 3166 1846 3225 metus.

416 3344 515 3392 212
546 3354 659 3391 sen.
692 3339 897 3408 degere
926 3343 970 3390 A
1004 3341 1010 3406 Ι
1043 3338 1185 3407 pylli
1206 3344 1248 3390 E
1276 3340 1294 3406 ΙΙ
1322 3343 1421 3390 219
1449 3337 1592 3390 vidit
1621 3339 1677 3390 et
1703 3336 1935 3405 longapi
1962 3342 2004 3387 E
2033 3354 2078 3387 V.
2102 3335 2299 3388 echion

273 3411 354 3463 vel
390 3409 585 3463 ethion
616 3415 661 3461 A
688 3411 706 3478 u
734 3415 833 3463 221
871 3410 1137 3478 imposita
1165 3409 1378 3464 Scriver
1404 3411 1422 3478 ss
1452 3413 1557 3461 226
1589 3415 1715 3476 post
1748 3425 1794 3461 v.
1822 3412 1925 3460 205
1958 3409 2189 3476 ponitwr
2216 3411 2260 3458 A
2284 3407 2287 3422 '

279 3487 383 3534 227
423 3497 584 3535 sacra
622 3480 847 3534 Phoebo
885 3486 958 3533 Av
997 3485 1130 3549 (exc.
1161 3486 1206 3531 B
1235 3485 1329 3548 10)
1366 3482 1373 3547 1
1417 3479 1577 3532 scilla
1615 3484 1687 3531 Av
1731 3481 1749 3547 ΙΙ
1796 3484 1900 3531 228
1940 3478 2167 3532 calchus
2203 3484 2245 3530 Ε

278 3557 383 3604 232
420 3552 573 3606 Inter
620 3555 706 3605 est
751 3557 824 3604 Av
872 3556 1005 3619 (exc.
1047 3555 1177 3621 Ay.)
1212 3555 1219 3621 Ι
1252 3551 1464 3604 Achilli
1499 3562 1555 3616 ψ
1601 3555 1618 3618 ΙΙ
1666 3555 1768 3603 237
1808 3552 1866 3603 et
1913 3550 2063 3604 clara
2110 3549 2302 3616 magni

280 3623 430 3676 facta
467 3629 511 3676 A
540 3626 558 3693 ΙΙ
588 3629 694 3677 239
731 3640 974 3677 mennon
1012 3641 1067 3677 ω
1096 3628 1113 3692 ΙΙ
1142 3629 1245 3676 243
1284 3626 1407 3676 tum
1444 3638 1601 3675 versa
1639 3621 1702 3675 A.
1733 3640 1785 3674 u.
1818 3639 1862 3675 0.
1892 3622 2061 3675 timor
2097 3626 2141 3673 A
