2658 4117
1104 247 1411 303 OEDIPVS

243 395 540 476 interque
584 397 772 458 natos
818 393 1105 457 Tantalis
1152 394 1412 457 tandem
1459 415 1608 458 suos

241 487 389 548 tuto
438 482 713 565 superba
756 482 884 546 fert
928 486 1122 566 caput
1166 482 1339 546 fastu
1386 504 1580 568 grave

244 575 310 636 et
356 575 652 635 numerat
696 570 972 634 umbras,
1063 571 1246 654 peior
1290 571 1412 634 hac
1459 573 1750 656 genetrix
1796 573 1976 636 adest

242 659 592 723 furibunda
626 657 880 744 Agaue,
925 662 1065 723 tota
1110 681 1303 741 quam
1352 661 1642 742 sequitur
1685 683 1913 725 manus

245 749 487 831 partita
531 768 776 833 regem:
825 749 1115 829 sequitur
1160 752 1226 812 et
1270 746 1559 813 Bacchas
1604 749 1776 813 lacer

245 836 571 900 Pentheus
616 840 919 919 tenetque
966 858 1191 900 saevus
1238 837 1432 900 etiam
1479 859 1651 901 nunc
1695 839 1919 902 minas,

246 926 506 989 tandem
554 929 818 989 vocatus
865 947 1054 1008 saepe
1099 925 1547 1008 pudibundum
1594 928 1829 990 extulit

248 1017 444 1096 caput
491 1017 686 1096 atque
732 1013 813 1077 ab
863 1013 1039 1076 omni
1085 1014 1348 1077 dissidet
1392 1014 1582 1078 turba
1627 1016 1854 1099 procul

245 1103 541 1185 celatque
589 1106 790 1166 semet
835 1099 1065 1188 (instat
1111 1105 1175 1165 et
1222 1099 1481 1187 Stygias
1527 1124 1749 1186 preces

251 1191 540 1343 gglinmat
564 1190 907 1343 ‚sarqerdoss
952 1190 1155 1291 donec
1200 1191 1269 1342 isn
1314 1195 1608 1342 aplertum
1656 1192 1875 1257 efferat

246 1302 290 1342 v
394 1301 469 1343 us
518 1300 555 1342 o
605 1300 638 1342 e
704 1300 774 1343 os
908 1301 1046 1343 aius
1090 1316 1166 1324 —
1241 1301 1336 1342 ari
1430 1301 1639 1344 orreo:

249 1369 435 1431 stetit
479 1301 601 1450 pei?
639 1275 816 1431 artu)s
863 1369 1173 1452 sanguine
1219 1368 1423 1432 effuso
1470 1368 1796 1452 horridus,

245 1456 522 1539 paedore
567 1455 758 1527 foedo
807 1456 1165 1538 squalidam
1212 1456 1508 1521 obtectus
1555 1478 1832 1542 comam,

254 1548 319 1609 et
367 1565 476 1608 ore
520 1544 745 1608 rabido
791 1544 988 1609 fatur:
1039 1543 1116 1608 ‘O
1165 1543 1392 1609 Cadmi
1438 1545 1654 1629 effera,

250 1653 475 1698 cruore
521 1655 773 1716 semper
815 1634 984 1698 laeta
1031 1637 1306 1719 cognato
1356 1635 1609 1717 domus,

252 1722 501 1785 vibrate
545 1722 830 1806 thyrsos,
877 1721 1109 1786 enthea
1155 1726 1387 1806 gnatos
1434 1744 1629 1786 manu

250 1810 526 1874 lacerate
572 1811 788 1893 potius
825 1848 914 1856 -—
950 1811 1303 1874 maximum
1350 1810 1589 1874 Thebis
1637 1813 1841 1875 scelus

249 1902 579 1962 maternus
626 1920 806 1962 amor
853 1903 966 1963 est.
1055 1900 1291 1982 patria,
1336 1920 1469 1963 non
1514 1900 1610 1962 ira
1654 1900 1871 1982 deum,

253 1986 367 2050 sed
415 1989 647 2051 scelere
692 1989 962 2071 raperis:
1008 2009 1138 2051 non
1186 1989 1368 2075 gravi
1412 1988 1572 2051 flatu
1617 1988 1739 2052 tibi

249 2077 572 2140 luctificus
608 2075 848 2140 Auster
893 2100 1012 2142 nec
1056 2099 1286 2160 parum
1333 2077 1555 2160 pluvio
1602 2078 1856 2142 aethere

250 2166 486 2229 satiata
531 2164 723 2229 tellus
769 2165 976 2229 halitu
1024 2166 1192 2229 sicco
1239 2171 1456 2249 nocet,

251 2254 363 2317 sed
407 2276 523 2318 rex
569 2258 896 2337 cruentus,
940 2255 1148 2338 pretia
1195 2256 1307 2336 qui
1354 2276 1576 2318 saevae
1621 2256 1795 2319 necis

251 2346 505 2425 sceptra
551 2347 616 2406 et
658 2342 968 2407 nefandos
1016 2347 1288 2426 occupat
1333 2343 1653 2407 thalamos
1700 2345 1903 2428 patris

251 2430 513 2516 egitque
559 2430 628 2494 in
674 2435 852 2495 ortus
899 2436 1098 2496 semet
1145 2437 1210 2495 et
1255 2431 1447 2495 matri
1492 2432 1727 2515 impios

250 2520 422 2584 fetus
467 2520 768 2604 regessit,
815 2521 1081 2602 quique,
1126 2520 1237 2584 vix
1282 2542 1425 2584 mos
1471 2525 1569 2584 est
1613 2521 1792 2597 ferm,

248 2608 479 2672 fratres
526 2608 650 2671 sibi
694 2608 833 2691 ipse
880 2608 1105 2694 genuit
1139 2646 1227 2654 --
1263 2608 1651 2691 implicitum
1698 2611 1939 2673 malum

251 2695 587 2782 magisque
634 2701 993 2760 monstrum
1042 2694 1331 2781 Sphinge
1375 2699 1751 2781 perplexum
1799 2720 1930 2762 sua.

251 2785 460 2850 invisa
504 2786 748 2868 proles:
797 2786 907 2849 sed
953 2790 1169 2849 tamen
1213 2786 1395 2869 peior
1440 2808 1669 2869 parens

254 2895 448 2956 quam
497 2878 755 2959 gnatus,
800 2877 986 2938 utero
1033 2895 1252 2938 rursus
1298 2874 1581 2939 infausto
1629 2875 1859 2960 gravis.

249 2966 344 3045 te,
390 2965 455 3026 te
503 2965 765 3026 cruenta
811 2967 1061 3046 sceptra
1108 2964 1220 3046 qui
1266 2964 1490 3026 dextra
1538 2964 1705 3048 geris
1714 3013 1732 3046 ,

252 3054 316 3115 te
363 3054 548 3134 pater
593 3051 838 3115 inultus
884 3051 1042 3115 urbe
1090 3073 1236 3115 cum
1282 3055 1421 3116 tota
1466 3055 1685 3134 petam

2143 251 2274 314 225
2382 306 2389 313 .

2172 590 2276 639 615

2174 1033 2279 1080 620

2174 1475 2277 1522 625

2172 1917 2281 1965 630

2176 2361 2282 2409 635

2176 2450 2280 2499 638

2173 2627 2276 2676 640

2180 2802 2283 2851 636

2176 2891 2278 2939 637

2179 2979 2282 3027 642

399 3247 497 3295 614
534 3242 694 3312 gravi
731 3248 776 3294 A
830 3245 848 3313 ΙΙ
907 3248 1003 3297 615
1042 3243 1202 3312 peior
1237 3260 1303 3296 ac
1342 3248 1415 3294 Av
1467 3244 1486 3312 ΙΙ
1540 3248 1634 3296 617
1674 3242 1957 3296 Baccham
1994 3258 2151 3296 sacer
2187 3261 2230 3296 α
2266 3244 2285 3312 ΙΙ

255 3318 352 3366 619
389 3313 755 3383 pudibundus
793 3319 866 3365 Av
901 3317 919 3384 ΙΙ
947 3320 1053 3367 624
1092 3314 1362 3383 stetitque
1399 3319 1471 3365 Av
1512 3317 1520 3383 1
1552 3314 1809 3368 horridos
1846 3315 1921 3368 N.
1957 3314 2233 3368 Heinsius

255 3389 359 3436 625
400 3384 663 3438 obtentus
702 3404 758 3440 ω
795 3402 930 3440 corr.
961 3404 999 3440 τ
1064 3391 1081 3455 ΙΙ
1145 3390 1249 3438 628
1288 3384 1535 3454 penthea
1571 3391 1614 3437 Ε
1662 3385 1866 3438 ethnea
1903 3390 1977 3436 Av
2020 3401 2154 3439 corr.
2187 3403 2230 3438 α

255 3459 362 3507 629
401 3458 683 3509 macerate
728 3462 771 3509 Ε
835 3459 854 3526 ΙΙ
917 3462 1022 3509 634
1069 3456 1284 3525 premia
1321 3461 1367 3507 A
1430 3458 1449 3525 ΙΙ
1511 3461 1634 3509 636.
1656 3461 1758 3509 637
1801 3462 1926 3524 post
1962 3461 2059 3509 641
2098 3457 2290 3523 posuit

257 3527 480 3581 Richter
514 3527 680 3596 symb.
704 3544 762 3595 p.
791 3531 866 3581 29
885 3545 958 3597 sq.
988 3530 1007 3597 ΙΙ
1036 3533 1138 3580 637
1177 3528 1392 3581 incesto
1431 3528 1665 3597 Bentley
1692 3530 1711 3595 11
1748 3532 1852 3580 639
1888 3544 1993 3581 nec
2030 3544 2149 3581 mos
2187 3532 2232 3578 A
2267 3527 2288 3599 Η

257 3601 354 3648 641
392 3597 591 3665 spinge
629 3615 685 3651 ω

363 3694 582 3736 Sum-‚ou
611 3706 770 3737 rnAco
773 3708 936 3737 nnnnn
1899 3693 1963 3742 15
