<?xml version="1.0" encoding="UTF-8"?>
<!DOCTYPE html PUBLIC "-//W3C//DTD XHTML 1.0 Transitional//EN"
    "http://www.w3.org/TR/xhtml1/DTD/xhtml1-transitional.dtd">
<html xmlns="http://www.w3.org/1999/xhtml" xml:lang="en" lang="en">
 <head>
  <title>
</title>
<meta http-equiv="Content-Type" content="text/html;charset=utf-8" />
  <meta name='ocr-system' content='tesseract 3.04.00' />
  <meta name='ocr-capabilities' content='ocr_page ocr_carea ocr_par ocr_line ocrx_word'/>
</head>
<body>
  <div class='ocr_page' id='page_1' title='image "./senecaetragoedi00senegoog_0464.png"; bbox 0 0 2658 4117; ppageno 0'>
   <div class='ocr_carea' id='block_1_1' title="bbox 437 243 1604 309">
    <p class='ocr_par' dir='ltr' id='par_1_1' title="bbox 437 243 1604 309">
     <span class='ocr_line' id='line_1_1' title="bbox 437 243 1604 309; baseline -0.01 0"><span class='ocrx_word' id='word_1_1' title='bbox 437 246 571 309; x_wconf 82' lang='grc'>412</span> <span class='ocrx_word' id='word_1_2' title='bbox 1306 244 1386 298; x_wconf 90' lang='lat' dir='ltr'>IN</span> <span class='ocrx_word' id='word_1_3' title='bbox 1389 243 1604 299; x_wconf 85' lang='lat' dir='ltr'>CERTI</span> 
     </span>
    </p>
   </div>
   <div class='ocr_carea' id='block_1_2' title="bbox 439 389 2484 3043">
    <p class='ocr_par' dir='ltr' id='par_1_2' title="bbox 439 389 2304 475">
     <span class='ocr_line' id='line_1_2' title="bbox 439 389 2304 475; baseline -0.001 -20"><span class='ocrx_word' id='word_1_4' title='bbox 439 408 598 455; x_wconf 79' lang='lat' dir='ltr'><strong><em>NER.</em></strong></span> <span class='ocrx_word' id='word_1_5' title='bbox 636 390 1038 475; x_wconf 81' lang='lat' dir='ltr'>Extinguere</span> <span class='ocrx_word' id='word_1_6' title='bbox 1085 390 1339 454; x_wconf 89' lang='lat' dir='ltr'>hostem</span> <span class='ocrx_word' id='word_1_7' title='bbox 1386 389 1665 453; x_wconf 84' lang='lat' dir='ltr'>maxima</span> <span class='ocrx_word' id='word_1_8' title='bbox 1713 393 1810 453; x_wconf 88' lang='lat' dir='ltr'>est</span> <span class='ocrx_word' id='word_1_9' title='bbox 1854 389 2057 454; x_wconf 86' lang='lat' dir='ltr'>virtus</span> <span class='ocrx_word' id='word_1_10' title='bbox 2105 390 2304 454; x_wconf 91' lang='lat' dir='ltr'>ducis.</span> 
     </span>
    </p>

    <p class='ocr_par' dir='ltr' id='par_1_3' title="bbox 442 477 2035 561">
     <span class='ocr_line' id='line_1_3' title="bbox 442 477 2035 561; baseline -0.001 -18"><span class='ocrx_word' id='word_1_11' title='bbox 442 496 589 544; x_wconf 84' lang='lat' dir='ltr'><strong><em>SEN.</em></strong></span> <span class='ocrx_word' id='word_1_12' title='bbox 639 477 904 543; x_wconf 84' lang='lat' dir='ltr'>Servare</span> <span class='ocrx_word' id='word_1_13' title='bbox 951 479 1120 542; x_wconf 85' lang='lat' dir='ltr'>cives</span> <span class='ocrx_word' id='word_1_14' title='bbox 1166 479 1373 542; x_wconf 87' lang='lat' dir='ltr'>maior</span> <span class='ocrx_word' id='word_1_15' title='bbox 1418 482 1516 541; x_wconf 89' lang='lat' dir='ltr'>est</span> <span class='ocrx_word' id='word_1_16' title='bbox 1561 479 1805 561; x_wconf 86' lang='lat' dir='ltr'>patriae</span> <span class='ocrx_word' id='word_1_17' title='bbox 1851 479 2035 561; x_wconf 88' lang='lat' dir='ltr'>patri.</span> 
     </span>
    </p>

    <p class='ocr_par' dir='ltr' id='par_1_4' title="bbox 439 567 2483 650">
     <span class='ocr_line' id='line_1_4' title="bbox 439 567 2483 650; baseline 0 -19"><span class='ocrx_word' id='word_1_18' title='bbox 439 586 597 632; x_wconf 79' lang='lat' dir='ltr'><strong><em>NER.</em></strong></span> <span class='ocrx_word' id='word_1_19' title='bbox 634 567 1009 650; x_wconf 78' lang='lat' dir='ltr'>Praecipere</span> <span class='ocrx_word' id='word_1_20' title='bbox 1056 568 1279 631; x_wconf 87' lang='lat' dir='ltr'>mitem</span> <span class='ocrx_word' id='word_1_21' title='bbox 1327 567 1630 632; x_wconf 83' lang='lat' dir='ltr'>convenit</span> <span class='ocrx_word' id='word_1_22' title='bbox 1671 568 1890 650; x_wconf 90' lang='lat' dir='ltr'>pueris</span> <span class='ocrx_word' id='word_1_23' title='bbox 1937 588 2168 632; x_wconf 90' lang='lat' dir='ltr'>senem.</span> <span class='ocrx_word' id='word_1_24' title='bbox 2373 584 2483 633; x_wconf 91' lang='grc'>445</span> 
     </span>
    </p>

    <p class='ocr_par' dir='ltr' id='par_1_5' title="bbox 442 655 2121 741">
     <span class='ocr_line' id='line_1_5' title="bbox 442 655 2121 741; baseline -0.001 -20"><span class='ocrx_word' id='word_1_25' title='bbox 442 673 589 721; x_wconf 79' lang='lat' dir='ltr'><strong><em>SEN.</em></strong></span> <span class='ocrx_word' id='word_1_26' title='bbox 636 655 942 740; x_wconf 86' lang='lat' dir='ltr'>Regenda</span> <span class='ocrx_word' id='word_1_27' title='bbox 988 656 1193 741; x_wconf 86' lang='lat' dir='ltr'>magis</span> <span class='ocrx_word' id='word_1_28' title='bbox 1242 659 1340 720; x_wconf 91' lang='lat' dir='ltr'>est</span> <span class='ocrx_word' id='word_1_29' title='bbox 1385 656 1629 719; x_wconf 85' lang='lat' dir='ltr'>fervida</span> <span class='ocrx_word' id='word_1_30' title='bbox 1675 656 2121 720; x_wconf 88' lang='lat' dir='ltr'>adolescentia.</span> 
     </span>
    </p>

    <p class='ocr_par' dir='ltr' id='par_1_6' title="bbox 439 743 1991 809">
     <span class='ocr_line' id='line_1_6' title="bbox 439 743 1991 809; baseline -0.001 0"><span class='ocrx_word' id='word_1_31' title='bbox 439 763 598 809; x_wconf 81' lang='lat' dir='ltr'><strong><em>NER.</em></strong></span> <span class='ocrx_word' id='word_1_32' title='bbox 637 743 870 809; x_wconf 89' lang='lat' dir='ltr'>Aetate</span> <span class='ocrx_word' id='word_1_33' title='bbox 915 746 985 808; x_wconf 93' lang='lat' dir='ltr'>in</span> <span class='ocrx_word' id='word_1_34' title='bbox 1029 745 1153 808; x_wconf 90' lang='lat' dir='ltr'>hac</span> <span class='ocrx_word' id='word_1_35' title='bbox 1200 748 1300 808; x_wconf 89' lang='lat' dir='ltr'>sat</span> <span class='ocrx_word' id='word_1_36' title='bbox 1348 766 1483 808; x_wconf 89' lang='lat' dir='ltr'>esse</span> <span class='ocrx_word' id='word_1_37' title='bbox 1531 745 1787 808; x_wconf 90' lang='lat' dir='ltr'>consilii</span> <span class='ocrx_word' id='word_1_38' title='bbox 1828 765 1991 808; x_wconf 89' lang='lat' dir='ltr'>reor.</span> 
     </span>
    </p>

    <p class='ocr_par' dir='ltr' id='par_1_7' title="bbox 442 832 2152 916">
     <span class='ocr_line' id='line_1_7' title="bbox 442 832 2152 916; baseline -0.001 -19"><span class='ocrx_word' id='word_1_39' title='bbox 442 851 590 898; x_wconf 80' lang='lat' dir='ltr'><strong><em>SEN.</em></strong></span> <span class='ocrx_word' id='word_1_40' title='bbox 638 832 729 897; x_wconf 89' lang='lat' dir='ltr'>Vt</span> <span class='ocrx_word' id='word_1_41' title='bbox 773 833 945 897; x_wconf 84' lang='lat' dir='ltr'>facta</span> <span class='ocrx_word' id='word_1_42' title='bbox 992 833 1209 916; x_wconf 89' lang='lat' dir='ltr'>superi</span> <span class='ocrx_word' id='word_1_43' title='bbox 1257 833 1679 916; x_wconf 89' lang='lat' dir='ltr'>comprobent</span> <span class='ocrx_word' id='word_1_44' title='bbox 1728 855 1979 916; x_wconf 81' lang='lat' dir='ltr'>semper</span> <span class='ocrx_word' id='word_1_45' title='bbox 2023 837 2152 897; x_wconf 89' lang='lat' dir='ltr'>tua.</span> 
     </span>
    </p>

    <p class='ocr_par' dir='ltr' id='par_1_8' title="bbox 440 920 2081 1005">
     <span class='ocr_line' id='line_1_8' title="bbox 440 920 2081 1005; baseline -0.001 -19"><span class='ocrx_word' id='word_1_46' title='bbox 440 940 598 986; x_wconf 81' lang='lat' dir='ltr'><strong><em>NER.</em></strong></span> <span class='ocrx_word' id='word_1_47' title='bbox 638 920 850 987; x_wconf 86' lang='lat' dir='ltr'>Stulte</span> <span class='ocrx_word' id='word_1_48' title='bbox 895 923 1190 1005; x_wconf 85' lang='lat' dir='ltr'>verebor,</span> <span class='ocrx_word' id='word_1_49' title='bbox 1226 922 1365 1005; x_wconf 91' lang='lat' dir='ltr'>ipse</span> <span class='ocrx_word' id='word_1_50' title='bbox 1414 942 1559 985; x_wconf 89' lang='lat' dir='ltr'>cum</span> <span class='ocrx_word' id='word_1_51' title='bbox 1605 921 1864 1004; x_wconf 86' lang='lat' dir='ltr'>faciam,</span> <span class='ocrx_word' id='word_1_52' title='bbox 1911 922 2081 986; x_wconf 90' lang='lat' dir='ltr'>deos.</span> 
     </span>
    </p>

    <p class='ocr_par' dir='ltr' id='par_1_9' title="bbox 442 1009 2478 1095">
     <span class='ocr_line' id='line_1_9' title="bbox 442 1009 2478 1095; baseline -0 -19"><span class='ocrx_word' id='word_1_53' title='bbox 442 1029 591 1077; x_wconf 79' lang='lat' dir='ltr'><strong><em>SEN.</em></strong></span> <span class='ocrx_word' id='word_1_54' title='bbox 636 1009 784 1074; x_wconf 91' lang='lat' dir='ltr'>Hoc</span> <span class='ocrx_word' id='word_1_55' title='bbox 828 1012 975 1095; x_wconf 89' lang='lat' dir='ltr'>plus</span> <span class='ocrx_word' id='word_1_56' title='bbox 1020 1032 1237 1075; x_wconf 83' lang='lat' dir='ltr'>verere</span> <span class='ocrx_word' id='word_1_57' title='bbox 1285 1010 1459 1093; x_wconf 90' lang='lat' dir='ltr'>quod</span> <span class='ocrx_word' id='word_1_58' title='bbox 1503 1010 1658 1073; x_wconf 90' lang='lat' dir='ltr'>licet</span> <span class='ocrx_word' id='word_1_59' title='bbox 1703 1014 1957 1074; x_wconf 88' lang='lat' dir='ltr'>tantum</span> <span class='ocrx_word' id='word_1_60' title='bbox 1994 1010 2132 1074; x_wconf 89' lang='lat' dir='ltr'>tibi.</span> <span class='ocrx_word' id='word_1_61' title='bbox 2368 1027 2478 1075; x_wconf 82' lang='lat'>450</span> 
     </span>
    </p>

    <p class='ocr_par' dir='ltr' id='par_1_10' title="bbox 440 1098 2054 1181">
     <span class='ocr_line' id='line_1_10' title="bbox 440 1098 2054 1181; baseline -0.002 -17"><span class='ocrx_word' id='word_1_62' title='bbox 440 1117 598 1164; x_wconf 78' lang='lat' dir='ltr'><strong><em>NER.</em></strong></span> <span class='ocrx_word' id='word_1_63' title='bbox 635 1099 921 1164; x_wconf 79' lang='lat' dir='ltr'>Fortuna</span> <span class='ocrx_word' id='word_1_64' title='bbox 965 1103 1187 1163; x_wconf 89' lang='lat' dir='ltr'>nostra</span> <span class='ocrx_word' id='word_1_65' title='bbox 1235 1103 1465 1162; x_wconf 90' lang='lat' dir='ltr'>cuncta</span> <span class='ocrx_word' id='word_1_66' title='bbox 1510 1099 1831 1181; x_wconf 84' lang='lat' dir='ltr'>permittit</span> <span class='ocrx_word' id='word_1_67' title='bbox 1873 1098 2054 1163; x_wconf 86' lang='lat' dir='ltr'>mihi.</span> 
     </span>
    </p>

    <p class='ocr_par' dir='ltr' id='par_1_11' title="bbox 443 1186 2136 1270">
     <span class='ocr_line' id='line_1_11' title="bbox 443 1186 2136 1270; baseline -0.001 -18"><span class='ocrx_word' id='word_1_68' title='bbox 443 1206 589 1253; x_wconf 80' lang='lat' dir='ltr'><strong><em>SEN.</em></strong></span> <span class='ocrx_word' id='word_1_69' title='bbox 639 1186 838 1252; x_wconf 83' lang='lat' dir='ltr'>Crede</span> <span class='ocrx_word' id='word_1_70' title='bbox 886 1187 1267 1270; x_wconf 75' lang='lat' dir='ltr'>obsequenti</span> <span class='ocrx_word' id='word_1_71' title='bbox 1313 1187 1594 1270; x_wconf 85' lang='lat' dir='ltr'>parcius:</span> <span class='ocrx_word' id='word_1_72' title='bbox 1640 1188 1802 1251; x_wconf 85' lang='lat' dir='ltr'>levis</span> <span class='ocrx_word' id='word_1_73' title='bbox 1848 1191 1948 1251; x_wconf 91' lang='lat' dir='ltr'>est</span> <span class='ocrx_word' id='word_1_74' title='bbox 1994 1188 2136 1251; x_wconf 84' lang='lat' dir='ltr'>dea-</span> 
     </span>
    </p>

    <p class='ocr_par' dir='ltr' id='par_1_12' title="bbox 441 1275 1930 1357">
     <span class='ocr_line' id='line_1_12' title="bbox 441 1275 1930 1357; baseline -0.002 -16"><span class='ocrx_word' id='word_1_75' title='bbox 441 1294 600 1341; x_wconf 81' lang='lat' dir='ltr'><strong><em>NER.</em></strong></span> <span class='ocrx_word' id='word_1_76' title='bbox 637 1275 869 1340; x_wconf 75' lang='lat' dir='ltr'>Inertis</span> <span class='ocrx_word' id='word_1_77' title='bbox 917 1280 1016 1340; x_wconf 87' lang='lat' dir='ltr'>est</span> <span class='ocrx_word' id='word_1_78' title='bbox 1059 1277 1303 1340; x_wconf 92' lang='lat' dir='ltr'>nescire</span> <span class='ocrx_word' id='word_1_79' title='bbox 1352 1276 1507 1357; x_wconf 91' lang='lat' dir='ltr'>quid</span> <span class='ocrx_word' id='word_1_80' title='bbox 1551 1277 1745 1339; x_wconf 88' lang='lat' dir='ltr'>liceat</span> <span class='ocrx_word' id='word_1_81' title='bbox 1790 1275 1930 1340; x_wconf 89' lang='lat' dir='ltr'>sibi.</span> 
     </span>
    </p>

    <p class='ocr_par' dir='ltr' id='par_1_13' title="bbox 444 1364 2386 1447">
     <span class='ocr_line' id='line_1_13' title="bbox 444 1364 2386 1447; baseline -0.001 -18"><span class='ocrx_word' id='word_1_82' title='bbox 444 1383 592 1430; x_wconf 79' lang='lat' dir='ltr'><strong><em>SEN.</em></strong></span> <span class='ocrx_word' id='word_1_83' title='bbox 638 1364 714 1428; x_wconf 90' lang='lat' dir='ltr'>Id</span> <span class='ocrx_word' id='word_1_84' title='bbox 759 1365 968 1444; x_wconf 84' lang='lat' dir='ltr'>facere</span> <span class='ocrx_word' id='word_1_85' title='bbox 1012 1364 1154 1428; x_wconf 92' lang='lat' dir='ltr'>laus</span> <span class='ocrx_word' id='word_1_86' title='bbox 1201 1369 1299 1428; x_wconf 89' lang='lat' dir='ltr'>est</span> <span class='ocrx_word' id='word_1_87' title='bbox 1346 1365 1518 1445; x_wconf 91' lang='lat' dir='ltr'>quod</span> <span class='ocrx_word' id='word_1_88' title='bbox 1565 1365 1774 1447; x_wconf 87' lang='lat' dir='ltr'>decet,</span> <span class='ocrx_word' id='word_1_89' title='bbox 1819 1386 1952 1428; x_wconf 92' lang='lat' dir='ltr'>non</span> <span class='ocrx_word' id='word_1_90' title='bbox 1998 1364 2171 1446; x_wconf 92' lang='lat' dir='ltr'>quod</span> <span class='ocrx_word' id='word_1_91' title='bbox 2214 1364 2386 1428; x_wconf 89' lang='lat' dir='ltr'>licet.</span> 
     </span>
    </p>

    <p class='ocr_par' dir='ltr' id='par_1_14' title="bbox 441 1451 2476 1537">
     <span class='ocr_line' id='line_1_14' title="bbox 441 1451 2476 1537; baseline -0 -19"><span class='ocrx_word' id='word_1_92' title='bbox 441 1472 599 1518; x_wconf 80' lang='lat' dir='ltr'><strong><em>NER.</em></strong></span> <span class='ocrx_word' id='word_1_93' title='bbox 640 1451 858 1517; x_wconf 80' lang='lat' dir='ltr'>Calcat</span> <span class='ocrx_word' id='word_1_94' title='bbox 886 1454 1200 1517; x_wconf 88' lang='lat' dir='ltr'>iacentem</span> <span class='ocrx_word' id='word_1_95' title='bbox 1229 1453 1480 1537; x_wconf 86' lang='lat' dir='ltr'>vulgus.</span> <span class='ocrx_word' id='word_1_96' title='bbox 1530 1469 1679 1517; x_wconf 80' lang='lat' dir='ltr'><strong><em>SEN.</em></strong></span> <span class='ocrx_word' id='word_1_97' title='bbox 1699 1451 1985 1517; x_wconf 84' lang='lat' dir='ltr'>Invisum</span> <span class='ocrx_word' id='word_1_98' title='bbox 2016 1453 2343 1536; x_wconf 89' lang='lat' dir='ltr'>opprimit.</span> <span class='ocrx_word' id='word_1_99' title='bbox 2370 1469 2476 1517; x_wconf 83' lang='lat'>455</span> 
     </span>
    </p>

    <p class='ocr_par' dir='ltr' id='par_1_15' title="bbox 441 1540 2318 1625">
     <span class='ocr_line' id='line_1_15' title="bbox 441 1540 2318 1625; baseline -0.001 -19"><span class='ocrx_word' id='word_1_100' title='bbox 441 1560 600 1606; x_wconf 79' lang='lat' dir='ltr'><strong><em>NER.</em></strong></span> <span class='ocrx_word' id='word_1_101' title='bbox 638 1540 906 1605; x_wconf 87' lang='lat' dir='ltr'>Ferrum</span> <span class='ocrx_word' id='word_1_102' title='bbox 953 1545 1171 1605; x_wconf 87' lang='lat' dir='ltr'>tuetur</span> <span class='ocrx_word' id='word_1_103' title='bbox 1216 1541 1592 1625; x_wconf 90' lang='lat' dir='ltr'>principem.</span> <span class='ocrx_word' id='word_1_104' title='bbox 1668 1557 1814 1605; x_wconf 79' lang='lat' dir='ltr'><strong><em>SEN.</em></strong></span> <span class='ocrx_word' id='word_1_105' title='bbox 1861 1541 2093 1605; x_wconf 85' lang='lat' dir='ltr'>Melius</span> <span class='ocrx_word' id='word_1_106' title='bbox 2139 1541 2318 1605; x_wconf 90' lang='lat' dir='ltr'>fides.</span> 
     </span>
    </p>

    <p class='ocr_par' dir='ltr' id='par_1_16' title="bbox 442 1628 2308 1713">
     <span class='ocr_line' id='line_1_16' title="bbox 442 1628 2308 1713; baseline -0.002 -18"><span class='ocrx_word' id='word_1_107' title='bbox 442 1649 599 1695; x_wconf 79' lang='lat' dir='ltr'><strong><em>NER.</em></strong></span> <span class='ocrx_word' id='word_1_108' title='bbox 638 1629 844 1695; x_wconf 85' lang='lat' dir='ltr'>Decet</span> <span class='ocrx_word' id='word_1_109' title='bbox 887 1630 1103 1695; x_wconf 90' lang='lat' dir='ltr'>timeri</span> <span class='ocrx_word' id='word_1_110' title='bbox 1152 1628 1505 1695; x_wconf 86' lang='lat' dir='ltr'>Caesarem.</span> <span class='ocrx_word' id='word_1_111' title='bbox 1580 1646 1730 1694; x_wconf 79' lang='lat' dir='ltr'><strong><em>SEN.</em></strong></span> <span class='ocrx_word' id='word_1_112' title='bbox 1773 1628 1866 1694; x_wconf 90' lang='lat' dir='ltr'>At</span> <span class='ocrx_word' id='word_1_113' title='bbox 1911 1630 2058 1713; x_wconf 92' lang='lat' dir='ltr'>plus</span> <span class='ocrx_word' id='word_1_114' title='bbox 2107 1630 2308 1713; x_wconf 85' lang='lat' dir='ltr'>diligi.</span> 
     </span>
    </p>

    <p class='ocr_par' dir='ltr' id='par_1_17' title="bbox 444 1717 2479 1892">
     <span class='ocr_line' id='line_1_17' title="bbox 444 1717 2479 1801; baseline -0.001 -18"><span class='ocrx_word' id='word_1_115' title='bbox 444 1738 601 1783; x_wconf 78' lang='lat' dir='ltr'><strong><em>NER.</em></strong></span> <span class='ocrx_word' id='word_1_116' title='bbox 639 1718 934 1784; x_wconf 87' lang='lat' dir='ltr'>Metuant</span> <span class='ocrx_word' id='word_1_117' title='bbox 970 1741 1228 1783; x_wconf 90' lang='lat' dir='ltr'>necesse</span> <span class='ocrx_word' id='word_1_118' title='bbox 1266 1724 1367 1784; x_wconf 87' lang='lat' dir='ltr'>est</span> <span class='ocrx_word' id='word_1_119' title='bbox 1403 1755 1489 1765; x_wconf 95' lang='lat'><strong>—</strong></span> <span class='ocrx_word' id='word_1_120' title='bbox 1546 1735 1694 1783; x_wconf 80' lang='lat' dir='ltr'><strong><em>SEN.</em></strong></span> <span class='ocrx_word' id='word_1_121' title='bbox 1738 1717 2059 1801; x_wconf 85' lang='lat' dir='ltr'>Quicquid</span> <span class='ocrx_word' id='word_1_122' title='bbox 2093 1717 2479 1801; x_wconf 86' lang='lat' dir='ltr'>exprimitur</span> 
     </span>
     <span class='ocr_line' id='line_1_18' title="bbox 1942 1811 2296 1892; baseline -0.003 -21"><span class='ocrx_word' id='word_1_123' title='bbox 1942 1829 2135 1892; x_wconf 83' lang='lat' dir='ltr'>grave</span> <span class='ocrx_word' id='word_1_124' title='bbox 2182 1811 2296 1870; x_wconf 89' lang='lat' dir='ltr'>est.</span> 
     </span>
    </p>

    <p class='ocr_par' dir='ltr' id='par_1_18' title="bbox 444 1894 2356 1979">
     <span class='ocr_line' id='line_1_19' title="bbox 444 1894 2356 1979; baseline 0 -19"><span class='ocrx_word' id='word_1_125' title='bbox 444 1914 603 1960; x_wconf 80' lang='lat' dir='ltr'><strong><em>NER.</em></strong></span> <span class='ocrx_word' id='word_1_126' title='bbox 639 1894 966 1978; x_wconf 90' lang='lat' dir='ltr'>Iussisque</span> <span class='ocrx_word' id='word_1_127' title='bbox 1013 1896 1252 1960; x_wconf 88' lang='lat' dir='ltr'>nostris</span> <span class='ocrx_word' id='word_1_128' title='bbox 1298 1899 1582 1979; x_wconf 88' lang='lat' dir='ltr'>pareant.</span> <span class='ocrx_word' id='word_1_129' title='bbox 1675 1912 1822 1960; x_wconf 79' lang='lat' dir='ltr'><strong><em>SEN.</em></strong></span> <span class='ocrx_word' id='word_1_130' title='bbox 1867 1894 2045 1960; x_wconf 89' lang='lat' dir='ltr'>Iusta</span> <span class='ocrx_word' id='word_1_131' title='bbox 2091 1897 2356 1978; x_wconf 90' lang='lat' dir='ltr'>impera.</span> 
     </span>
    </p>

    <p class='ocr_par' dir='ltr' id='par_1_19' title="bbox 444 1982 2481 2068">
     <span class='ocr_line' id='line_1_20' title="bbox 444 1982 2481 2068; baseline 0 -20"><span class='ocrx_word' id='word_1_132' title='bbox 444 2002 601 2048; x_wconf 80' lang='lat' dir='ltr'><strong><em>NER.</em></strong></span> <span class='ocrx_word' id='word_1_133' title='bbox 641 1983 934 2049; x_wconf 84' lang='lat' dir='ltr'>Statuam</span> <span class='ocrx_word' id='word_1_134' title='bbox 964 1986 1117 2068; x_wconf 92' lang='lat' dir='ltr'>ipse.</span> <span class='ocrx_word' id='word_1_135' title='bbox 1167 2001 1315 2049; x_wconf 82' lang='lat' dir='ltr'><strong><em>SEN.</em></strong></span> <span class='ocrx_word' id='word_1_136' title='bbox 1338 1982 1512 2060; x_wconf 85' lang='lat' dir='ltr'>Quae</span> <span class='ocrx_word' id='word_1_137' title='bbox 1543 2004 1889 2048; x_wconf 90' lang='lat' dir='ltr'>consensus</span> <span class='ocrx_word' id='word_1_138' title='bbox 1920 1985 2159 2048; x_wconf 88' lang='lat' dir='ltr'>efficiat</span> <span class='ocrx_word' id='word_1_139' title='bbox 2184 1988 2341 2048; x_wconf 86' lang='lat' dir='ltr'>rata.</span> <span class='ocrx_word' id='word_1_140' title='bbox 2372 1999 2481 2049; x_wconf 85' lang='grc'>460</span> 
     </span>
    </p>

    <p class='ocr_par' dir='ltr' id='par_1_20' title="bbox 443 2073 2342 2158">
     <span class='ocr_line' id='line_1_21' title="bbox 443 2073 2342 2158; baseline 0 -21"><span class='ocrx_word' id='word_1_141' title='bbox 443 2092 602 2137; x_wconf 81' lang='lat' dir='ltr'><strong><em>NER.</em></strong></span> <span class='ocrx_word' id='word_1_142' title='bbox 640 2073 996 2158; x_wconf 86' lang='lat' dir='ltr'>Respectus</span> <span class='ocrx_word' id='word_1_143' title='bbox 1043 2076 1214 2138; x_wconf 89' lang='lat' dir='ltr'>ensis</span> <span class='ocrx_word' id='word_1_144' title='bbox 1259 2074 1469 2138; x_wconf 85' lang='lat' dir='ltr'>faciet.</span> <span class='ocrx_word' id='word_1_145' title='bbox 1546 2091 1693 2138; x_wconf 79' lang='lat' dir='ltr'><strong><em>SEN.</em></strong></span> <span class='ocrx_word' id='word_1_146' title='bbox 1740 2073 1886 2138; x_wconf 89' lang='lat' dir='ltr'>Hoc</span> <span class='ocrx_word' id='word_1_147' title='bbox 1931 2075 2099 2138; x_wconf 89' lang='lat' dir='ltr'>absit</span> <span class='ocrx_word' id='word_1_148' title='bbox 2143 2074 2342 2138; x_wconf 85' lang='lat' dir='ltr'>nefas.</span> 
     </span>
    </p>

    <p class='ocr_par' dir='ltr' id='par_1_21' title="bbox 443 2160 2189 2248">
     <span class='ocr_line' id='line_1_22' title="bbox 443 2160 2189 2248; baseline 0.001 -23"><span class='ocrx_word' id='word_1_149' title='bbox 443 2180 601 2226; x_wconf 81' lang='lat' dir='ltr'><strong><em>NER.</em></strong></span> <span class='ocrx_word' id='word_1_150' title='bbox 639 2160 747 2226; x_wconf 89' lang='lat' dir='ltr'>An</span> <span class='ocrx_word' id='word_1_151' title='bbox 793 2163 1003 2246; x_wconf 89' lang='lat' dir='ltr'>patiar</span> <span class='ocrx_word' id='word_1_152' title='bbox 1045 2162 1217 2227; x_wconf 89' lang='lat' dir='ltr'>ultra</span> <span class='ocrx_word' id='word_1_153' title='bbox 1263 2163 1642 2248; x_wconf 87' lang='lat' dir='ltr'>sanguinem</span> <span class='ocrx_word' id='word_1_154' title='bbox 1687 2167 1980 2227; x_wconf 89' lang='lat' dir='ltr'>nostrum</span> <span class='ocrx_word' id='word_1_155' title='bbox 2028 2165 2189 2246; x_wconf 86' lang='lat' dir='ltr'>peti,</span> 
     </span>
    </p>

    <p class='ocr_par' dir='ltr' id='par_1_22' title="bbox 444 2252 2058 2335">
     <span class='ocr_line' id='line_1_23' title="bbox 444 2252 2058 2335; baseline 0 -20"><span class='ocrx_word' id='word_1_156' title='bbox 444 2252 690 2315; x_wconf 89' lang='lat' dir='ltr'>inultus</span> <span class='ocrx_word' id='word_1_157' title='bbox 738 2256 802 2316; x_wconf 89' lang='lat' dir='ltr'>et</span> <span class='ocrx_word' id='word_1_158' title='bbox 848 2256 1256 2335; x_wconf 86' lang='lat' dir='ltr'>contemptus</span> <span class='ocrx_word' id='word_1_159' title='bbox 1302 2255 1376 2314; x_wconf 93' lang='lat' dir='ltr'>ut</span> <span class='ocrx_word' id='word_1_160' title='bbox 1423 2252 1638 2315; x_wconf 91' lang='lat' dir='ltr'>subito</span> <span class='ocrx_word' id='word_1_161' title='bbox 1686 2252 2058 2335; x_wconf 78' lang='lat' dir='ltr'>opprimar?</span> 
     </span>
    </p>

    <p class='ocr_par' dir='ltr' id='par_1_23' title="bbox 446 2340 1785 2425">
     <span class='ocr_line' id='line_1_24' title="bbox 446 2340 1785 2425; baseline -0.001 -21"><span class='ocrx_word' id='word_1_162' title='bbox 446 2340 636 2404; x_wconf 86' lang='lat' dir='ltr'>exilia</span> <span class='ocrx_word' id='word_1_163' title='bbox 681 2361 813 2404; x_wconf 94' lang='lat' dir='ltr'>non</span> <span class='ocrx_word' id='word_1_164' title='bbox 858 2340 1106 2425; x_wconf 80' lang='lat' dir='ltr'>fregere</span> <span class='ocrx_word' id='word_1_165' title='bbox 1153 2344 1512 2404; x_wconf 89' lang='lat' dir='ltr'>summotos</span> <span class='ocrx_word' id='word_1_166' title='bbox 1558 2341 1785 2423; x_wconf 91' lang='lat' dir='ltr'>procul</span> 
     </span>
    </p>

    <p class='ocr_par' dir='ltr' id='par_1_24' title="bbox 443 2427 2481 2512">
     <span class='ocr_line' id='line_1_25' title="bbox 443 2427 2481 2512; baseline -0 -19"><span class='ocrx_word' id='word_1_167' title='bbox 443 2429 748 2493; x_wconf 87' lang='lat' dir='ltr'>Plautum</span> <span class='ocrx_word' id='word_1_168' title='bbox 795 2433 988 2511; x_wconf 86' lang='lat' dir='ltr'>atque</span> <span class='ocrx_word' id='word_1_169' title='bbox 1037 2427 1311 2512; x_wconf 86' lang='lat' dir='ltr'>Sullam,</span> <span class='ocrx_word' id='word_1_170' title='bbox 1350 2428 1646 2512; x_wconf 84' lang='lat' dir='ltr'>pertinax</span> <span class='ocrx_word' id='word_1_171' title='bbox 1694 2449 1966 2511; x_wconf 89' lang='lat' dir='ltr'>quorum</span> <span class='ocrx_word' id='word_1_172' title='bbox 2013 2427 2193 2492; x_wconf 86' lang='lat' dir='ltr'>furor</span> <span class='ocrx_word' id='word_1_173' title='bbox 2375 2444 2481 2492; x_wconf 84' lang='lat'>465</span> 
     </span>
    </p>

    <p class='ocr_par' dir='ltr' id='par_1_25' title="bbox 445 2517 2033 2599">
     <span class='ocr_line' id='line_1_26' title="bbox 445 2517 2033 2599; baseline -0.001 -17"><span class='ocrx_word' id='word_1_174' title='bbox 445 2521 653 2582; x_wconf 86' lang='lat' dir='ltr'>armat</span> <span class='ocrx_word' id='word_1_175' title='bbox 697 2518 1028 2581; x_wconf 86' lang='lat' dir='ltr'>ministros</span> <span class='ocrx_word' id='word_1_176' title='bbox 1075 2518 1331 2582; x_wconf 88' lang='lat' dir='ltr'>sceleris</span> <span class='ocrx_word' id='word_1_177' title='bbox 1376 2517 1447 2579; x_wconf 93' lang='lat' dir='ltr'>in</span> <span class='ocrx_word' id='word_1_178' title='bbox 1493 2517 1748 2581; x_wconf 88' lang='lat' dir='ltr'>caedem</span> <span class='ocrx_word' id='word_1_179' title='bbox 1794 2539 2033 2599; x_wconf 85' lang='lat' dir='ltr'>meam,</span> 
     </span>
    </p>

    <p class='ocr_par' dir='ltr' id='par_1_26' title="bbox 445 2605 2052 2690">
     <span class='ocr_line' id='line_1_27' title="bbox 445 2605 2052 2690; baseline -0.001 -20"><span class='ocrx_word' id='word_1_180' title='bbox 445 2606 810 2670; x_wconf 88' lang='lat' dir='ltr'>absentium</span> <span class='ocrx_word' id='word_1_181' title='bbox 858 2626 1002 2669; x_wconf 91' lang='lat' dir='ltr'>cum</span> <span class='ocrx_word' id='word_1_182' title='bbox 1051 2610 1307 2669; x_wconf 91' lang='lat' dir='ltr'>maneat</span> <span class='ocrx_word' id='word_1_183' title='bbox 1355 2606 1548 2670; x_wconf 89' lang='lat' dir='ltr'>etiam</span> <span class='ocrx_word' id='word_1_184' title='bbox 1594 2607 1823 2690; x_wconf 85' lang='lat' dir='ltr'>ingens</span> <span class='ocrx_word' id='word_1_185' title='bbox 1868 2605 2052 2669; x_wconf 86' lang='lat' dir='ltr'>favor</span> 
     </span>
    </p>

    <p class='ocr_par' dir='ltr' id='par_1_27' title="bbox 444 2695 1910 2778">
     <span class='ocr_line' id='line_1_28' title="bbox 444 2695 1910 2778; baseline 0 -20"><span class='ocrx_word' id='word_1_186' title='bbox 444 2696 515 2758; x_wconf 93' lang='lat' dir='ltr'>in</span> <span class='ocrx_word' id='word_1_187' title='bbox 559 2695 717 2758; x_wconf 92' lang='lat' dir='ltr'>urbe</span> <span class='ocrx_word' id='word_1_188' title='bbox 763 2699 1010 2778; x_wconf 85' lang='lat' dir='ltr'>nostra,</span> <span class='ocrx_word' id='word_1_189' title='bbox 1057 2696 1170 2777; x_wconf 92' lang='lat' dir='ltr'>qui</span> <span class='ocrx_word' id='word_1_190' title='bbox 1214 2695 1394 2758; x_wconf 84' lang='lat' dir='ltr'>fovet</span> <span class='ocrx_word' id='word_1_191' title='bbox 1441 2716 1586 2778; x_wconf 90' lang='lat' dir='ltr'>spes</span> <span class='ocrx_word' id='word_1_192' title='bbox 1632 2695 1910 2758; x_wconf 86' lang='lat' dir='ltr'>exulum.</span> 
     </span>
    </p>

    <p class='ocr_par' dir='ltr' id='par_1_28' title="bbox 444 2782 1781 2866">
     <span class='ocr_line' id='line_1_29' title="bbox 444 2782 1781 2866; baseline -0.003 -18"><span class='ocrx_word' id='word_1_193' title='bbox 444 2782 758 2848; x_wconf 90' lang='lat' dir='ltr'>tollantur</span> <span class='ocrx_word' id='word_1_194' title='bbox 801 2783 1019 2847; x_wconf 90' lang='lat' dir='ltr'>hostes</span> <span class='ocrx_word' id='word_1_195' title='bbox 1067 2806 1215 2847; x_wconf 88' lang='lat' dir='ltr'>ense</span> <span class='ocrx_word' id='word_1_196' title='bbox 1263 2784 1546 2866; x_wconf 89' lang='lat' dir='ltr'>suspecti</span> <span class='ocrx_word' id='word_1_197' title='bbox 1590 2782 1781 2864; x_wconf 86' lang='lat' dir='ltr'>mihi,</span> 
     </span>
    </p>

    <p class='ocr_par' dir='ltr' id='par_1_29' title="bbox 445 2871 2484 2955">
     <span class='ocr_line' id='line_1_30' title="bbox 445 2871 2484 2955; baseline -0 -19"><span class='ocrx_word' id='word_1_198' title='bbox 445 2873 652 2936; x_wconf 83' lang='lat' dir='ltr'>invisa</span> <span class='ocrx_word' id='word_1_199' title='bbox 700 2873 981 2935; x_wconf 82' lang='lat' dir='ltr'>coniunx</span> <span class='ocrx_word' id='word_1_200' title='bbox 1025 2876 1246 2955; x_wconf 88' lang='lat' dir='ltr'>pereat</span> <span class='ocrx_word' id='word_1_201' title='bbox 1292 2876 1357 2935; x_wconf 91' lang='lat' dir='ltr'>et</span> <span class='ocrx_word' id='word_1_202' title='bbox 1405 2892 1622 2935; x_wconf 88' lang='lat' dir='ltr'>carum</span> <span class='ocrx_word' id='word_1_203' title='bbox 1671 2871 1792 2935; x_wconf 90' lang='lat' dir='ltr'>sibi</span> <span class='ocrx_word' id='word_1_204' title='bbox 2376 2887 2484 2935; x_wconf 89' lang='grc'>470</span> 
     </span>
    </p>

    <p class='ocr_par' dir='ltr' id='par_1_30' title="bbox 443 2959 2237 3043">
     <span class='ocr_line' id='line_1_31' title="bbox 443 2959 2237 3043; baseline -0.002 -18"><span class='ocrx_word' id='word_1_205' title='bbox 443 2961 707 3025; x_wconf 86' lang='lat' dir='ltr'>fratrem</span> <span class='ocrx_word' id='word_1_206' title='bbox 754 2965 1074 3043; x_wconf 90' lang='lat' dir='ltr'>sequatur.</span> <span class='ocrx_word' id='word_1_207' title='bbox 1168 2960 1475 3043; x_wconf 86' lang='lat' dir='ltr'>quicquid</span> <span class='ocrx_word' id='word_1_208' title='bbox 1521 2960 1845 3024; x_wconf 87' lang='lat' dir='ltr'>excelsum</span> <span class='ocrx_word' id='word_1_209' title='bbox 1892 2964 1991 3023; x_wconf 90' lang='lat' dir='ltr'>est</span> <span class='ocrx_word' id='word_1_210' title='bbox 2035 2959 2237 3024; x_wconf 89' lang='lat' dir='ltr'>cadat.</span> 
     </span>
    </p>
   </div>
   <div class='ocr_carea' id='block_1_3' title="bbox 441 3096 2493 3665">
    <p class='ocr_par' dir='ltr' id='par_1_31' title="bbox 441 3096 2493 3665">
     <span class='ocr_line' id='line_1_32' title="bbox 587 3096 2486 3167; baseline 0.001 -17"><span class='ocrx_word' id='word_1_211' title='bbox 587 3103 691 3150; x_wconf 92' lang='grc'>447</span> <span class='ocrx_word' id='word_1_212' title='bbox 732 3096 870 3152; x_wconf 87' lang='lat' dir='ltr'>satis</span> <span class='ocrx_word' id='word_1_213' title='bbox 898 3103 943 3150; x_wconf 99' lang='lat' dir='ltr'>A</span> <span class='ocrx_word' id='word_1_214' title='bbox 980 3115 1115 3153; x_wconf 84' lang='lat' dir='ltr'>corr.</span> <span class='ocrx_word' id='word_1_215' title='bbox 1145 3099 1215 3153; x_wconf 89' lang='lat' dir='ltr'>L.</span> <span class='ocrx_word' id='word_1_216' title='bbox 1248 3099 1460 3153; x_wconf 82' lang='lat' dir='ltr'>Miiller</span> <span class='ocrx_word' id='word_1_217' title='bbox 1496 3100 1562 3153; x_wconf 86' lang='lat' dir='ltr'>de</span> <span class='ocrx_word' id='word_1_218' title='bbox 1596 3116 1655 3153; x_wconf 81' lang='lat' dir='ltr'>re</span> <span class='ocrx_word' id='word_1_219' title='bbox 1681 3104 1831 3152; x_wconf 83' lang='lat' dir='ltr'>metr.</span> <span class='ocrx_word' id='word_1_220' title='bbox 1855 3115 1913 3167; x_wconf 81' lang='lat' dir='ltr'>p.</span> <span class='ocrx_word' id='word_1_221' title='bbox 1941 3101 2049 3152; x_wconf 89' lang='lat'>153</span> <span class='ocrx_word' id='word_1_222' title='bbox 2075 3099 2094 3167; x_wconf 81' lang='grc' dir='ltr'>ΙΙ</span> <span class='ocrx_word' id='word_1_223' title='bbox 2119 3102 2224 3150; x_wconf 84' lang='grc'>448</span> <span class='ocrx_word' id='word_1_224' title='bbox 2262 3097 2352 3151; x_wconf 86' lang='lat' dir='ltr'>Ita</span> <span class='ocrx_word' id='word_1_225' title='bbox 2382 3098 2486 3167; x_wconf 79' lang='lat' dir='ltr'>(vel</span> 
     </span>
     <span class='ocr_line' id='line_1_33' title="bbox 442 3169 2482 3240; baseline -0 -16"><span class='ocrx_word' id='word_1_226' title='bbox 442 3170 538 3240; x_wconf 89' lang='lat' dir='ltr'>Di)</span> <span class='ocrx_word' id='word_1_227' title='bbox 567 3169 722 3223; x_wconf 86' lang='lat' dir='ltr'>facta</span> <span class='ocrx_word' id='word_1_228' title='bbox 749 3170 826 3224; x_wconf 91' lang='lat' dir='ltr'>N.</span> <span class='ocrx_word' id='word_1_229' title='bbox 846 3170 1120 3224; x_wconf 72' lang='lat' dir='ltr'>Heinsius</span> <span class='ocrx_word' id='word_1_230' title='bbox 1138 3186 1197 3237; x_wconf 77' lang='lat' dir='ltr'>p.</span> <span class='ocrx_word' id='word_1_231' title='bbox 1230 3172 1342 3223; x_wconf 85' lang='lat'>507</span> <span class='ocrx_word' id='word_1_232' title='bbox 1368 3171 1386 3238; x_wconf 84' lang='grc' dir='ltr'>ΙΙ</span> <span class='ocrx_word' id='word_1_233' title='bbox 1413 3174 1519 3222; x_wconf 82' lang='grc'>449</span> <span class='ocrx_word' id='word_1_234' title='bbox 1558 3187 1597 3224; x_wconf 83' lang='lat' dir='ltr'>s.</span> <span class='ocrx_word' id='word_1_235' title='bbox 1627 3187 1676 3223; x_wconf 87' lang='lat' dir='ltr'>v.</span> <span class='ocrx_word' id='word_1_236' title='bbox 1708 3185 1829 3223; x_wconf 84' lang='lat' dir='ltr'>esse</span> <span class='ocrx_word' id='word_1_237' title='bbox 1857 3174 1902 3221; x_wconf 97' lang='lat' dir='ltr'>A</span> <span class='ocrx_word' id='word_1_238' title='bbox 1935 3184 2070 3222; x_wconf 84' lang='lat' dir='ltr'>corr.</span> <span class='ocrx_word' id='word_1_239' title='bbox 2101 3179 2157 3234; x_wconf 84' lang='grc' dir='ltr'><strong><em>ψ</em></strong></span> <span class='ocrx_word' id='word_1_240' title='bbox 2184 3170 2203 3237; x_wconf 82' lang='grc' dir='ltr'>ΙΙ</span> <span class='ocrx_word' id='word_1_241' title='bbox 2230 3173 2334 3221; x_wconf 76' lang='grc'>457</span> <span class='ocrx_word' id='word_1_242' title='bbox 2376 3170 2482 3223; x_wconf 82' lang='lat' dir='ltr'>del.</span> 
     </span>
     <span class='ocr_line' id='line_1_34' title="bbox 442 3239 2488 3309; baseline -0.001 -12"><span class='ocrx_word' id='word_1_243' title='bbox 442 3242 558 3297; x_wconf 90' lang='lat' dir='ltr'>Leo</span> <span class='ocrx_word' id='word_1_244' title='bbox 584 3242 628 3295; x_wconf 93' lang='grc' dir='ltr'><em>Ι</em></span> <span class='ocrx_word' id='word_1_245' title='bbox 648 3244 722 3294; x_wconf 86' lang='grc'>58</span> <span class='ocrx_word' id='word_1_246' title='bbox 736 3256 831 3309; x_wconf 67' lang='lat' dir='ltr'>sq„</span> <span class='ocrx_word' id='word_1_247' title='bbox 862 3240 1107 3306; x_wconf 74' lang='lat' dir='ltr'>defendit</span> <span class='ocrx_word' id='word_1_248' title='bbox 1122 3240 1314 3294; x_wconf 81' lang='lat' dir='ltr'>Ladek</span> <span class='ocrx_word' id='word_1_249' title='bbox 1338 3258 1394 3309; x_wconf 76' lang='lat' dir='ltr'>p.</span> <span class='ocrx_word' id='word_1_250' title='bbox 1418 3244 1545 3306; x_wconf 81' lang='lat'><strong><em>102,</em></strong></span> <span class='ocrx_word' id='word_1_251' title='bbox 1574 3241 1707 3295; x_wconf 81' lang='lat' dir='ltr'>citat</span> <span class='ocrx_word' id='word_1_252' title='bbox 1723 3241 1986 3294; x_wconf 81' lang='lat' dir='ltr'>Ieremias</span> <span class='ocrx_word' id='word_1_253' title='bbox 2012 3240 2078 3294; x_wconf 84' lang='lat' dir='ltr'>de</span> <span class='ocrx_word' id='word_1_254' title='bbox 2099 3239 2488 3309; x_wconf 74' lang='lat' dir='ltr'>Montaynone</span> 
     </span>
     <span class='ocr_line' id='line_1_35' title="bbox 441 3310 2484 3380; baseline -0.002 -12"><span class='ocrx_word' id='word_1_255' title='bbox 441 3314 545 3368; x_wconf 79' lang='lat' dir='ltr'>sie:</span> <span class='ocrx_word' id='word_1_256' title='bbox 597 3312 774 3365; x_wconf 86' lang='lat' dir='ltr'>Decet</span> <span class='ocrx_word' id='word_1_257' title='bbox 819 3311 1007 3364; x_wconf 88' lang='lat' dir='ltr'>timeri</span> <span class='ocrx_word' id='word_1_258' title='bbox 1055 3326 1313 3365; x_wconf 87' lang='lat' dir='ltr'>cesarem.</span> <span class='ocrx_word' id='word_1_259' title='bbox 1381 3311 1458 3364; x_wconf 91' lang='lat' dir='ltr'>At</span> <span class='ocrx_word' id='word_1_260' title='bbox 1503 3311 1632 3380; x_wconf 83' lang='lat' dir='ltr'>plus</span> <span class='ocrx_word' id='word_1_261' title='bbox 1686 3310 1865 3379; x_wconf 83' lang='lat' dir='ltr'>diligi.</span> <span class='ocrx_word' id='word_1_262' title='bbox 1950 3312 2150 3379; x_wconf 80' lang='lat' dir='ltr'>Peiper</span> <span class='ocrx_word' id='word_1_263' title='bbox 2186 3310 2255 3364; x_wconf 90' lang='lat' dir='ltr'>L.</span> <span class='ocrx_word' id='word_1_264' title='bbox 2298 3312 2357 3365; x_wconf 89' lang='lat' dir='ltr'>V.</span> <span class='ocrx_word' id='word_1_265' title='bbox 2388 3315 2484 3365; x_wconf 79' lang='lat'>24.</span> 
     </span>
     <span class='ocr_line' id='line_1_36' title="bbox 441 3381 2493 3451; baseline -0.001 -13"><span class='ocrx_word' id='word_1_266' title='bbox 441 3389 519 3439; x_wconf 80' lang='lat'>26</span> <span class='ocrx_word' id='word_1_267' title='bbox 555 3383 625 3449; x_wconf 81' lang='lat' dir='ltr'>ef.</span> <span class='ocrx_word' id='word_1_268' title='bbox 663 3386 737 3437; x_wconf 81' lang='lat'>21</span> <span class='ocrx_word' id='word_1_269' title='bbox 801 3383 820 3450; x_wconf 81' lang='grc' dir='ltr'>ΙΙ</span> <span class='ocrx_word' id='word_1_270' title='bbox 881 3387 980 3435; x_wconf 89' lang='grc'>461</span> <span class='ocrx_word' id='word_1_271' title='bbox 1017 3381 1315 3451; x_wconf 89' lang='lat' dir='ltr'>despectus</span> <span class='ocrx_word' id='word_1_272' title='bbox 1354 3386 1399 3433; x_wconf 99' lang='lat' dir='ltr'>A</span> <span class='ocrx_word' id='word_1_273' title='bbox 1445 3398 1581 3437; x_wconf 81' lang='lat' dir='ltr'>corr.</span> <span class='ocrx_word' id='word_1_274' title='bbox 1622 3382 1890 3436; x_wconf 64' lang='lat' dir='ltr'>Bachezer</span> <span class='ocrx_word' id='word_1_275' title='bbox 1934 3381 2243 3450; x_wconf 88' lang='lat' dir='ltr'>(dispectus</span> <span class='ocrx_word' id='word_1_276' title='bbox 2281 3382 2493 3448; x_wconf 74' lang='lat' dir='ltr'>Ritter,</span> 
     </span>
     <span class='ocr_line' id='line_1_37' title="bbox 442 3452 2429 3524; baseline -0.002 -15"><span class='ocrx_word' id='word_1_277' title='bbox 442 3456 735 3524; x_wconf 86' lang='lat' dir='ltr'>suspectus</span> <span class='ocrx_word' id='word_1_278' title='bbox 773 3454 989 3522; x_wconf 77' lang='lat' dir='ltr'>Peiper,</span> <span class='ocrx_word' id='word_1_279' title='bbox 1034 3453 1360 3522; x_wconf 84' lang='lat' dir='ltr'>despectum</span> <span class='ocrx_word' id='word_1_280' title='bbox 1397 3456 1462 3506; x_wconf 88' lang='lat' dir='ltr'>ut</span> <span class='ocrx_word' id='word_1_281' title='bbox 1500 3452 1647 3506; x_wconf 88' lang='lat' dir='ltr'>ensis</span> <span class='ocrx_word' id='word_1_282' title='bbox 1689 3452 1892 3507; x_wconf 76' lang='lat' dir='ltr'>feriat?</span> <span class='ocrx_word' id='word_1_283' title='bbox 1938 3454 2004 3507; x_wconf 83' lang='lat' dir='ltr'>de</span> <span class='ocrx_word' id='word_1_284' title='bbox 2040 3453 2429 3521; x_wconf 75' lang='lat' dir='ltr'>Wilamowitz)</span> 
     </span>
     <span class='ocr_line' id='line_1_38' title="bbox 443 3455 2477 3596; baseline -0.001 -18"><span class='ocrx_word' id='word_1_285' title='bbox 443 3531 549 3578; x_wconf 80' lang='grc'>462</span> <span class='ocrx_word' id='word_1_286' title='bbox 585 3524 734 3578; x_wconf 89' lang='lat' dir='ltr'>ultro</span> <span class='ocrx_word' id='word_1_287' title='bbox 772 3535 828 3589; x_wconf 86' lang='grc' dir='ltr'><strong>ψ</strong></span> <span class='ocrx_word' id='word_1_288' title='bbox 875 3527 893 3593; x_wconf 84' lang='grc' dir='ltr'>ΙΙ</span> <span class='ocrx_word' id='word_1_289' title='bbox 939 3528 1044 3576; x_wconf 81' lang='grc'>463</span> <span class='ocrx_word' id='word_1_290' title='bbox 1082 3524 1329 3578; x_wconf 85' lang='lat' dir='ltr'>inuictus</span> <span class='ocrx_word' id='word_1_291' title='bbox 1368 3530 1413 3577; x_wconf 99' lang='lat' dir='ltr'>A</span> <span class='ocrx_word' id='word_1_292' title='bbox 1449 3540 1584 3579; x_wconf 78' lang='lat' dir='ltr'>corr.</span> <span class='ocrx_word' id='word_1_293' title='bbox 1618 3524 1931 3592; x_wconf 69' lang='lat' dir='ltr'>Rapheziny</span> <span class='ocrx_word' id='word_1_294' title='bbox 1959 3526 2107 3592; x_wconf 77' lang='grc'>11465</span> <span class='ocrx_word' id='word_1_295' title='bbox 2147 3522 2346 3576; x_wconf 88' lang='lat' dir='ltr'>Sillam</span> <span class='ocrx_word' id='word_1_296' title='bbox 2383 3527 2434 3574; x_wconf 93' lang='lat' dir='ltr'>A</span> <span class='ocrx_word' id='word_1_297' title='bbox 2469 3455 2477 3596; x_wconf 70' lang='grc' dir='ltr'>Ι</span> 
     </span>
     <span class='ocr_line' id='line_1_39' title="bbox 445 3594 2255 3665; baseline 0.002 -19"><span class='ocrx_word' id='word_1_298' title='bbox 445 3599 549 3647; x_wconf 88' lang='grc'>467</span> <span class='ocrx_word' id='word_1_299' title='bbox 591 3594 885 3648; x_wconf 88' lang='lat' dir='ltr'>absentum</span> <span class='ocrx_word' id='word_1_300' title='bbox 924 3599 969 3646; x_wconf 99' lang='lat' dir='ltr'>A</span> <span class='ocrx_word' id='word_1_301' title='bbox 1006 3611 1140 3649; x_wconf 84' lang='lat' dir='ltr'>corr.</span> <span class='ocrx_word' id='word_1_302' title='bbox 1172 3605 1228 3660; x_wconf 85' lang='grc' dir='ltr'><strong><em>ψ</em></strong></span> <span class='ocrx_word' id='word_1_303' title='bbox 1257 3598 1275 3665; x_wconf 89' lang='grc' dir='ltr'>ΙΙ</span> <span class='ocrx_word' id='word_1_304' title='bbox 1302 3600 1402 3648; x_wconf 87' lang='grc'>471</span> <span class='ocrx_word' id='word_1_305' title='bbox 1441 3595 1606 3649; x_wconf 90' lang='lat' dir='ltr'>cadet</span> <span class='ocrx_word' id='word_1_306' title='bbox 1641 3596 1750 3650; x_wconf 81' lang='lat' dir='ltr'>Ier.</span> <span class='ocrx_word' id='word_1_307' title='bbox 1780 3595 1845 3650; x_wconf 86' lang='lat' dir='ltr'>de</span> <span class='ocrx_word' id='word_1_308' title='bbox 1874 3594 2255 3665; x_wconf 72' lang='lat' dir='ltr'>Montaynone</span> 
     </span>
    </p>
   </div>
  </div>
 </body>
</html>
