2658 4117
367 182 499 246 314
1017 183 1074 234 L.
1106 182 1390 235 ANNAEI
1426 182 1753 236 SENECAE

366 327 622 392 donum.
715 328 997 410 paternis
1024 328 1195 392 -vina
1237 327 1523 392 libentur
1569 328 1729 411 deis,

363 420 522 481 tunc
566 416 961 480 hauriantur.
1054 417 1164 480 sed
1211 417 1367 499 quid
1412 417 1579 480 hoc?
1623 419 1857 482 nolunt
1900 440 2127 483 manus
2293 435 2397 482 985

365 528 614 589 parere,
661 506 890 569 crescit
933 506 1187 588 pondus
1235 509 1300 569 et
1347 505 1634 569 dextram
1682 510 1932 591 gravat3

366 594 663 658 admotus
709 594 867 676 ipsis
913 593 1204 658 Bacchus
1255 616 1292 657 a
1337 595 1535 658 labris
1581 595 1753 680 fugit

365 683 660 765 circaque
704 683 904 746 rictus
952 704 1060 746 ore
1108 684 1373 765 decepto
1420 683 1566 746 fluit

366 776 431 835 et
477 773 620 855 ipsa
663 772 914 854 trepido
963 794 1185 836 mensa
1211 772 1534 836 ‘subsiluit
1579 767 1736 835 solo,

365 862 476 924 vix
521 862 694 924 lucet
740 861 937 945 ignis3
982 861 1120 943 ipse
1168 862 1327 943 quin
1373 860 1593 924 aether
1638 861 1850 945 gravis
2171 917 2174 920 .
2292 877 2397 924 990

365 950 534 1013 inter
580 949 746 1012 diem
794 953 1177 1031 noctemque
1225 950 1510 1013 desertus
1558 948 1789 1031 stupet.

367 1038 522 1121 quid
567 1037 735 1101 hoc‘?
782 1039 988 1123 magis
1035 1038 1371 1122 magisque
1418 1038 1712 1102 concussi
1757 1037 1978 1101 labant

367 1149 654 1192 convexa
701 1128 885 1209 caeli3
933 1127 1200 1209 spissior
1246 1126 1459 1190 densis
1506 1127 1637 1190 coit

365 1215 574 1300 caligo
621 1214 903 1278 tenebris
949 1237 1206 1298 noxque
1254 1236 1321 1278 se
1369 1215 1439 1278 in
1483 1219 1740 1279 noctem
1786 1214 2057 1299 abdidit3

364 1304 538 1388 fugit
585 1324 772 1366 omne
820 1304 1012 1366 sidus.
1106 1303 1414 1404 quicquid
1460 1307 1583 1386 est,
1628 1303 1812 1367 fratri
1857 1324 2083 1386 precor
2293 1318 2395 1368 995

367 1392 710 1477 gnatisque
755 1395 1004 1474 parcat,
1053 1392 1260 1455 omnis
1307 1392 1378 1454 in
1422 1392 1549 1455 vile
1595 1391 1721 1455 hoc
1767 1396 1959 1475 caput

368 1480 557 1544 abeat
602 1482 901 1564 procella.
993 1480 1184 1543 redde
1230 1481 1360 1543 iam
1410 1484 1640 1565 gnatos
1686 1481 1873 1545 mihi!

366 1586 524 1632 ΛΤΒ.
571 1568 890 1651 Reddam,
938 1574 1001 1633 et
1045 1568 1168 1632 tibi
1214 1570 1363 1633 illos
1409 1570 1626 1633 nullus
1674 1570 1901 1652 eripiet
1947 1570 2097 1633 dies.

368 1675 527 1720 THY.
575 1655 731 1731 Quis
775 1656 882 1721 bic
927 1658 1245 1721 tumultus
1291 1658 1534 1721 viscera
1580 1658 1864 1742 exagitat
1908 1658 2093 1721 mea?

369 1746 524 1828 quid
569 1746 833 1809 tremuit
877 1745 1096 1810 intus?
1144 1746 1351 1810 sentio
1399 1747 1741 1829 impatiens
1788 1768 1950 1809 onus
2259 1761 2396 1809 1000

368 1856 711 1916 meumque
760 1836 1003 1918 gemitu
1048 1856 1182 1899 non
1227 1856 1371 1898 meo
1419 1838 1642 1918 pectus
1688 1834 1907 1919 gemit.

369 1922 612 2004 adeste,
657 1924 821 2005 nati,
867 1924 1122 2008 genitor
1168 1923 1395 1987 infelix
1441 1926 1656 2004 vocat,

368 2009 600 2075 adeste.
693 2012 847 2075 visis
892 2012 1101 2098 fugiet
1146 2012 1252 2077 hic
1297 2011 1484 2076 vobis
1532 2011 1715 2076 dolor
1750 2049 1837 2056 -—

366 2100 536 2163 unde
584 2099 1066 2183 obloquuntur?
1156 2118 1311 2164 ATR.
1359 2100 1611 2183 Expedi
1657 2101 1989 2183 amplexus
2035 2104 2243 2182 pater:

277 2194 282 2199 ’
366 2210 612 2252 venere.
706 2193 938 2274 gnatos
987 2190 1215 2271 ecquid
1261 2190 1561 2274 agnoscis
1607 2190 1799 2253 tuos?
1959 2208 1961 2210 ’
2257 2204 2395 2252 1005

368 2294 526 2340 ΤΗΥ.
573 2275 877 2362 Agnosco
923 2277 1200 2341 fratrem.
1295 2278 1570 2341 sustines
1616 2281 1868 2342 tantum
1914 2277 2092 2341 nefas

367 2369 644 2451 gestare,
691 2364 954 2429 Tellus?
998 2388 1132 2430 non
1178 2364 1258 2430 ad
1303 2366 1620 2430 infernam
1669 2365 1872 2466 Styga

364 2453 789 2538 tenebrasque
835 2455 1072 2540 mergis
1116 2459 1309 2538 rupta
1356 2459 1420 2519 et
1465 2455 1715 2540 ingenti
1761 2456 1867 2519 via

367 2542 448 2606 ad
494 2543 688 2607 cbaos
734 2544 922 2607 inane
967 2565 1167 2629 regna
1213 2565 1358 2608 cum
1404 2565 1555 2628 rege
1601 2544 1888 2627 abripis?

365 2653 501 2696 non
544 2635 684 2695 tota
729 2632 810 2695 ab
858 2632 989 2695 imo
1036 2636 1205 2696 tecta
1251 2634 1619 2698 convellens
1667 2633 1805 2696 solo
2256 2648 2396 2694 1010

366 2721 563 2795 vertis
608 2720 957 2804 Mycenas?
1004 2724 1170 2785 stare
1217 2722 1389 2787 circa
1425 2720 1768 2785 Tantalum

366 2813 635 2892 uterque
682 2811 811 2873 iam
858 2808 1219 2873 debuimus:
1266 2808 1420 2883 binc
1466 2810 1887 2894 compagibus

368 2901 432 2960 et
477 2897 629 2962 hinc
672 2899 972 2981 revulsis,
1019 2900 1074 2961 si
1122 2898 1276 2981 quid
1322 2898 1490 2961 infra
1526 2897 1792 2962 Tartara
1838 2901 1934 2962 est

511 3042 613 3088 985
652 3054 764 3090 11011
801 3036 928 3089 uult
963 3053 1161 3090 manus
1199 3040 1245 3087 A
1304 3040 1323 3106 ΙΙ
1387 3042 1490 3088 988
1530 3035 1711 3089 effluit
1747 3039 1793 3086 A
1856 3037 1875 3103 ΙΙ
1939 3041 2043 3088 994
2082 3033 2306 3089 addidit
2342 3047 2398 3101 ψ

371 3108 620 3174 Gronov,
667 3108 809 3174 Leo,·
865 3112 923 3160 at
969 3109 1038 3174 ef.
1089 3109 1160 3162 E.
1205 3108 1441 3161 Thomas
1485 3108 1673 3162 Herm.
1712 3110 1817 3172 28,
1861 3110 1973 3160 308
2037 3110 2055 3176 ΙΙ
2118 3111 2221 3158 998
2267 3105 2398 3159 11109

366 3196 468 3232 om.
498 3182 572 3229 Az
619 3181 638 3246 ΙΙ
683 3184 787 3230 999
825 3177 964 3245 quid
999 3185 1041 3230 E
1088 3180 1107 3247 ΙΙ
1152 3184 1286 3231 1000
1322 3177 1554 3232 fremuit
1590 3179 1824 3248 Bentley
1868 3179 1886 3246 ΙΙ
1937 3183 2063 3230 1001
2099 3192 2398 3243 meumque

368 3265 495 3301 cum
530 3249 745 3318 gemitu
783 3252 855 3299 At
908 3251 927 3318 ΙΙ
982 3254 1112 3301 1003
1151 3249 1338 3318 fugiat
1374 3256 1416 3301 E
1471 3253 1490 3319 ΙΙ
1543 3254 1676 3302 1005
1716 3251 1774 3302 ct
1787 3196 1949 3317 yquid
1985 3255 2027 3300 E
2073 3250 2092 3316 ΙΙ
2141 3252 2274 3300 1007
2313 3247 2398 3300 111-

365 3320 526 3372 ferna
562 3324 636 3371 At
697 3323 716 3388 u
770 3324 901 3372 1008
939 3322 998 3373 te
1034 3337 1249 3387 nosque
1284 3320 1494 3389 mergis
1532 3338 1587 3374 ω
1625 3337 1759 3374 corr.
1801 3322 1872 3374 B.
1904 3320 2145 3374 Schmidt
2185 3319 2397 3373 Observ.

359 3405 418 3457 p
451 3395 486 3444 9
523 3392 847 3459 (amnesque
875 3391 1094 3459 Peiper)
1123 3393 1141 3460 ΙΙ
1170 3397 1495 3444 1012—1014
1531 3392 1610 3447 sie
1647 3392 1902 3459 dispositi
1927 3394 1996 3444 A:
2036 3394 2188 3442 1014*
2215 3391 2401 3458 (auos-

364 3475 493 3583 ἓ“ῗ
513 3461 1612 3600 ¹333?ss53112‘30332102111¹12¹ffni¹220131
1637 3495 1704 3502 ““
1726 3464 1929 3532 ⁰⁰mp)
1967 3465 2118 3513 ¹⁰¹³
2135 3460 2291 3513 ²⁰²⁹
2321 3463 2402 3529 (⁶³¹⁵
