2658 4117
1039 269 1461 325 AGAMEMNO
2136 274 2262 339 277

237 417 532 481 morieris
576 414 784 480 hodie.
876 433 985 479 ΕΒ.
1031 415 1401 480 Dummodo
1447 416 1569 481 hac
1613 417 1853 482 moriar
1899 441 2109 483 manu.

234 506 464 570 recedo
513 505 593 569 ab
641 504 784 569 aris.
877 505 1012 569 sive
1057 508 1121 569 te
1168 506 1394 591 iugulo
1441 506 1621 571 iuvat

235 595 533 659 mersisse
579 594 845 676 ferrum,
891 595 1165 678 praebeo
1212 595 1508 680 iugulum
1555 595 1704 680 tibi3

239 706 353 748 seu
399 703 577 746 more
623 680 941 765 pecudum
989 683 1155 746 colla
1197 684 1469 747 resecari
1514 683 1750 766 placet,

239 773 488 836 intenta
533 772 748 835 cervix
793 769 1026 834 vulnus
1074 775 1370 854 expectat
1412 775 1615 837 tuum.
2161 788 2264 837 975

241 860 446 925 scelus
493 863 788 943 paratum
836 862 956 923 estt
1004 858 1194 924 caede
1237 882 1593 943 respersam
1639 861 1764 926 viri

237 952 429 1032 atque
476 947 831 1013 obsoletam
880 949 1191 1032 sanguine
1235 947 1363 1014 1100
1408 948 1697 1013 dextram
1743 949 1949 1014 ablue.

239 1054 436 1102 OLYT.
484 1033 762 1101 Consors
809 1035 1036 1119 pericli
1082 1038 1321 1121 pariter
1367 1059 1441 1102 ac
1485 1038 1669 1124 regni
1714 1039 1869 1121 mei,

235 1124 572 1211 Aegisthe,
619 1124 897 1210 gradere.
992 1129 1188 1210 gnata
1234 1126 1623 1211 genetricem
1669 1126 1868 1210 impie

234 1214 488 1298 probris
534 1212 818 1296 lacessit,
866 1214 1106 1278 occulit
1147 1214 1413 1279 tratrem
1460 1215 1769 1280 abditum.
2162 1231 2267 1280 980

367 1407 525 1454 AEG.
572 1388 946 1454 Furibunda
991 1390 1202 1476 virgO,
1248 1392 1426 1456 vocis
1472 1391 1770 1457 infandae
1817 1415 2047 1458 sonum

236 1483 301 1543 et
347 1501 498 1544 aure
544 1480 741 1543 verba
785 1478 1052 1563 indigna
1099 1484 1387 1544 materna
1433 1483 1742 1564 opprime.

236 1586 345 1632 ΕΒ.
393 1567 610 1632 Etiam
658 1567 949 1632 monebit
994 1568 1250 1632 sceleris
1297 1569 1543 1633 infandi
1590 1570 1849 1653 artifex,

233 1679 352 1741 per
397 1657 635 1720 scelera
681 1660 943 1740 gnatus,
988 1678 1227 1721 nomen
1271 1656 1650 1743 ambiguum
1698 1660 1857 1742 suis,

234 1746 402 1809 idem
451 1745 688 1809 sororis
735 1749 969 1830 gnatus
1016 1748 1080 1808 et
1124 1744 1326 1828 patris
1370 1747 1616 1828 nepos?
2160 1762 2263 1811 985

241 1850 438 1898 ΟΒΥΤ.
485 1830 824 1919 Aegisthe,
869 1853 1077 1898 cessas
1123 1834 1396 1917 impium
1443 1834 1613 1898 ferro
1661 1839 1853 1919 caput

242 1921 603 1986 demetere?
649 1923 913 1986 fratrem
957 1922 1183 1986 reddat
1230 1926 1342 1987 aut
1387 1924 1666 1988 animam
1715 1925 1951 1988 statim.

235 2026 393 2076 ΑΕΘ.
442 2007 758 2075 Abstrusa
804 2032 992 2076 caeco
1042 2033 1291 2078 carcere
1339 2016 1404 2076 et
1448 2034 1602 2078 saxo
1650 2013 1867 2099 exigat

236 2122 493 2182 aevum,
541 2103 604 2164 et
649 2122 763 2184 per
802 2121 1022 2164 omnes
1069 2103 1242 2165 torta
1286 2123 1639 2185 poenarum
1685 2102 1910 2167 modos

231 2189 469 2254 referre
518 2210 710 2272 quem
757 2210 928 2253 nunc
976 2191 1212 2253 occulit
1257 2189 1475 2254 forsan
1522 2191 1712 2255 volet.
2161 2207 2264 2257 990

232 2279 422 2360 inops
469 2298 662 2362 egens
709 2279 985 2360 inclusa,
1029 2278 1302 2361 paedore
1352 2281 1608 2362 obruta,

233 2367 427 2430 vidua
472 2369 620 2429 ante
665 2365 983 2430 thalamos
993 2415 1011 2448 ‚
1057 2369 1232 2449 exul,
1282 2367 1492 2432 invisa
1538 2368 1838 2433 omnibus

234 2454 490 2518 aethere
536 2457 768 2539 negato
816 2476 958 2519 sero
1006 2455 1391 2520 subcumbet
1436 2458 1640 2520 malis.

232 2560 341 2606 ΕΒ.
392 2540 681 2607 Concede
728 2546 1018 2607 mortem.
1110 2560 1268 2609 AEG.
1316 2543 1386 2608 Si
1429 2564 1781 2627 recusares,
1829 2547 2060 2611 darem.

230 2632 409 2695 rudis
457 2636 555 2695 est
599 2635 910 2715 tyrannus
956 2636 1163 2696 morte
1210 2634 1323 2716 qui
1367 2656 1642 2717 poenam
1690 2635 1907 2721 exigit.
2159 2652 2261 2701 995

231 2737 340 2783 ΕΒ.
376 2719 653 2784 Mortem
683 2720 928 2804 aliquid
955 2721 1127 2785 ultra
1163 2722 1304 2785 est‘?
1357 2739 1514 2788 AEG.
1545 2721 1716 2806 Vita,
1746 2724 1799 2787 si
1829 2724 2048 2808 cupias
2078 2726 2259 2789 mori.

230 2809 534 2892 abripite,
580 2808 834 2890 famuli,
882 2814 1242 2874 monstrum
1289 2814 1354 2874 et
1400 2816 1686 2876 avectam
1733 2814 1960 2895 procul
2179 2852 2182 2855 -

228 2898 401 2961 ultra
445 2896 750 2980 Mycenas
796 2899 1027 2961 ultimo
1074 2900 1144 2963 in
1187 2900 1373 2985 regni
1418 2901 1656 2985 angulo

228 2986 467 3050 vincite
515 2990 801 3070 saeptam
848 2991 1036 3051 nocte
1082 2987 1408 3052 tenebrosi
1454 3008 1710 3071 specus,

186 3076 301 3137 »ut
348 3074 704 3157 inquietam
751 3075 1067 3160 virginem
1115 3096 1329 3140 carcer
1375 3076 1607 3142 domet.
2120 3095 2256 3144 1000

229 3178 428 3226 CLYT.
476 3160 566 3225 At
613 3163 739 3226 ista
783 3184 1023 3247 poenas
1071 3165 1279 3248 capite
1325 3165 1649 3248 persolvet
1695 3187 1810 3230 suo

368 3341 473 3388 973
502 3336 759 3405 iugulum
789 3336 978 3390 volens
1006 3342 1052 3390 A
1078 3339 1096 3406 ΙΙ
1126 3343 1230 3391 976
1258 3342 1550 3407 peractum
1578 3344 1624 3392 A
1650 3342 1668 3409 ΙΙ
1698 3345 1802 3393 9·19
1829 3341 1893 3394 A.
1925 3340 2138 3410 gaudes
2166 3346 2212 3394 A
2245 3342 2252 3414 Ι

224 3409 457 3476 gnatam
496 3407 827 3476 genitricem
864 3414 907 3460 Ε
935 3410 953 3477 ιι
981 3413 1086 3461 980
1124 3408 1250 3463 abd.
1292 3409 1359 3464 fr.
1401 3410 1572 3465 occul.
1604 3415 1650 3463 A
1677 3413 1695 3481 ιι
1724 3416 1826 3463 988
1863 3428 1985 3465 Asc.
2025 3428 2125 3467 om.
2155 3417 2201 3465 A

224 3482 330 3530 000
367 3480 426 3532 et
463 3494 560 3533 om.
592 3483 638 3531 A
674 3480 693 3547 ιι
735 3483 840 3531 0οο
877 3478 1086 3532 forsam
1122 3486 1165 3533 13
1203 3481 1222 3548 ιι
1260 3485 1358 3532 001
1394 3500 1447 3550 p.
1481 3481 1664 3536 obsita
1700 3487 1746 3535 A
1773 3485 1791 3552 ιι
1830 3483 1963 3536 0041»
2001 3502 2115 3539 cm.
2155 3488 2201 3536 A

224 3553 330 3602 996
365 3550 546 3602 morte
578 3555 621 3602 Ε
655 3551 663 3620 ι
698 3568 813 3603 cm.
852 3553 898 3601 A
925 3552 945 3619 ιι
973 3555 1076 3603 998
1112 3566 1373 3605 mecenas
1409 3558 1452 3605 Ε
1480 3554 1498 3621 ιι
1526 3556 1660 3606 1000
1697 3552 1795 3606 1110
1831 3553 1945 3622 inq.
1977 3555 2209 3625 Bentley

224 3624 354 3672 1001
392 3639 507 3673 cm.
547 3637 647 3676 om.
678 3626 724 3673 A
757 3623 763 3689 Ι
796 3620 921 3689 ipsa
958 3627 1001 3673 Ε
