2658 4117
1063 224 1483 280 AGAMEMNO
2163 226 2293 290 259

264 376 561 456 suspecta
606 370 819 435 varius
868 370 1160 434 occidens
1205 371 1362 434 fecit
1404 370 1584 434 freta.

262 482 395 525 nox
442 460 650 544 prima
697 460 942 524 caelum
991 461 1308 542 sparserat
1355 459 1585 541 steUiS‚
1630 459 1840 523 iacent
2190 475 2292 523 465

266 550 513 613 deserta
559 552 751 612 vento
799 548 955 611 vela.
1047 552 1187 611 tum
1234 570 1526 611 murmur
1570 569 1789 632 grave,

264 637 508 701 maiora
554 637 886 718 minitans,
933 636 1205 700 collibus
1253 636 1520 700 summis
1569 637 1737 700 cadit

263 730 601 807 tractuque
646 726 844 809 longo
891 725 1046 789 litus
1093 744 1168 788 ac
1213 729 1431 807 petrae
1463 729 1771 811 gemunt3

265 814 509 899 agitata
553 814 762 878 ventis
808 814 980 877 unda
1024 814 1310 878 venturis
1357 818 1589 878 tumet:

267 924 411 967 cum
460 903 674 967 subito
720 902 874 966 luna
921 903 1234 984 conditur,
1282 902 1503 966 stellae
1548 903 1779 983 latent,
2189 918 2293 965 470

265 993 334 1055 in
379 995 550 1056 astra
595 995 834 1074 pontus
879 991 1151 1073 tollitur,
1198 992 1444 1054 caelum
1492 991 1673 1074 perit.

263 1100 383 1144 nec
429 1103 557 1144 una
600 1101 732 1143 nox
779 1083 901 1143 est:
949 1080 1144 1143 densa
1188 1078 1483 1143 tenebras
1532 1079 1745 1142 obruit

266 1169 475 1253 caligo
525 1173 587 1232 et
635 1167 810 1232 omni
855 1167 1000 1231 luce
1048 1168 1360 1231 subducta
1404 1167 1640 1231 fretum

268 1259 640 1340 caelumque
686 1258 927 1320 miscet.
1019 1257 1302 1338 undique
1348 1256 1728 1319 incumbunt
1777 1255 1969 1319 simul

264 1346 651 1429 rapiuntque
697 1345 964 1430 pelagus
1010 1345 1233 1408 infimo
1282 1366 1573 1409 eversum
1625 1346 1763 1409 solo
2194 1358 2297 1407 475

265 1436 568 1499 adversus
614 1433 790 1497 Euro
838 1432 1169 1517 Zephyrus
1217 1437 1281 1497 et
1327 1432 1592 1497 Boreae
1615 1431 1854 1496 Notus:

267 1546 382 1588 sua
429 1524 699 1605 quisque
746 1522 948 1586 mittit
993 1523 1123 1585 tela
1168 1525 1232 1585 et
1278 1521 1498 1585 infesti
1543 1522 1790 1585 fretum¹

267 1612 678 1692 emoliuntur‚
721 1610 913 1674 turbo
964 1610 1290 1674 convolvit
1337 1632 1537 1673 mare:

269 1698 676 1784 Strymonius
724 1700 886 1763 altas
933 1696 1174 1781 Aquilo
1224 1702 1607 1780 contorquet
1651 1697 1829 1761 nives

267 1788 674 1871 Libycusque
719 1788 990 1852 harenas
1034 1785 1275 1851 Auster
1319 1807 1395 1850 ac
1442 1784 1661 1870 Syrtes
1708 1786 1875 1870 agit3
2197 1801 2300 1848 480

268 1877 417 1960 [nec
462 1881 678 1940 manet
722 1877 791 1939 in
837 1873 1106 1941 Austro:
1152 1875 1227 1939 fit
1274 1875 1487 1960 gravis
1534 1874 1770 1938 nimbis
1815 1872 2062 1958 Notus]

270 1965 474 2029 imbre
521 1969 713 2050 auget
759 1966 989 2048 undas,
1039 1963 1251 2028 Eurus
1301 1964 1611 2028 orientem
1660 1967 1876 2027 movet

271 2052 604 2119 Nabataea
650 2053 944 2138 quatiens
990 2075 1188 2139 regna
1235 2056 1298 2117 et
1345 2051 1520 2117 Eoos
1568 2052 1759 2117 sinus.

269 2144 424 2227 quid
468 2143 727 2207 rabidus
776 2164 888 2207 ora
936 2141 1137 2206 Corus
1185 2163 1425 2206 oceano
1473 2141 1779 2206 exerens?

269 2233 580 2295 mundum
625 2232 850 2295 revelli
898 2231 1151 2295 sedibus
1198 2235 1410 2294 totum
1460 2230 1591 2294 suis
2198 2244 2302 2292 485

269 2321 575 2404 ipsosque
620 2324 813 2403 rupto
864 2321 1148 2383 crederes
1197 2320 1373 2383 caelo
1423 2320 1573 2383 deos

270 2409 557 2473 decidere
605 2413 668 2472 et
714 2413 925 2472 atrum
970 2408 1161 2472 rebus
1207 2408 1425 2471 induci
1472 2407 1681 2471 chaos.
1749 2438 1750 2441 ¹

268 2501 462 2561 vento
509 2497 750 2561 resistit
796 2501 1010 2561 aestus
1059 2500 1122 2559 et
1166 2500 1396 2560 ventus
1442 2499 1613 2559 retro

267 2589 517 2650 aestum
563 2585 863 2669 revolvit3
907 2607 1042 2648 non
1090 2585 1260 2668 capit
1308 2606 1444 2649 sese
1491 2606 1664 2648 mare

267 2675 599 2757 undasque
645 2675 917 2738 miscent
961 2674 1167 2737 imber
1212 2677 1276 2737 et
1321 2673 1556 2736 fluctus
1605 2694 1767 2736 suas.
2198 2686 2300 2734 490

267 2783 387 2827 nec
431 2762 559 2827 hoc
602 2764 895 2827 levamen
942 2763 1214 2844 denique
1260 2762 1580 2825 aerumnis
1628 2761 1831 2842 datur,

268 2852 482 2915 videre
529 2852 756 2915 saltem
803 2855 867 2915 et
912 2872 1101 2915 nosse
1148 2871 1275 2932 quo
1324 2851 1587 2933 pereant
1631 2848 1830 2911 malo:

269 2944 571 3023 premunt
616 2939 916 3004 tenebrae
961 2939 1207 3004 lumina
1255 2943 1318 3002 et
1366 2938 1537 3001 dirae
1586 2933 1804 3020 Stygis

267 3029 518 3092 inferna
562 3050 695 3092 nox
742 3033 852 3092 est.
946 3029 1249 3091 excidunt
1294 3028 1477 3111 ignes
1523 3029 1741 3088 tamen

412 3225 518 3273 470
571 3218 770 3274 stellae
809 3219 1020 3274 cadunt
1056 3223 1101 3270 A
1155 3222 1174 3288 Η
1226 3224 1331 3271 475
1379 3217 1633 3270 infimum
1671 3231 1864 3269 euerso
1902 3213 2032 3283 polo
2069 3219 2112 3265 Ε
2161 3213 2300 3283 (salo

271 3292 336 3345 ci.
380 3291 598 3360 Peiper)
646 3291 760 3345 Leo
808 3292 905 3345 cix
949 3290 1201 3342 infimum
1253 3289 1406 3342 venti
1461 3288 1593 3356 polo
1638 3285 1749 3340 del.
1788 3303 1835 3340 υ.
1876 3289 2000 3338 476.
2101 3285 2180 3338 At
2232 3285 2300 3352 cf.

269 3362 495 3416 Richter
529 3363 695 3431 symb.
727 3380 788 3431 p.
822 3364 893 3415 15
943 3363 961 3430 ΙΙ
1015 3366 1121 3414 476
1160 3360 1429 3414 aduersus
1477 3361 1561 3428 (us
1599 3374 1667 3412 ex
1703 3356 1894 3426 os)-E¹
1946 3358 1965 3425 ΙΙ
2018 3360 2121 3407 477
2169 3355 2301 3408 mit-

268 3435 400 3486 tunt
426 3438 472 3484 A
498 3435 517 3501 Η
544 3438 650 3485 480
679 3434 752 3486 ad
783 3432 971 3500 Syrtes
999 3438 1041 3484 E
1070 3434 1089 3501 ΙΙ
1116 3436 1215 3484 481
1243 3431 1344 3485 del.
1375 3430 1597 3484 Richter
1622 3429 1789 3499 symb.
1812 3445 1871 3496 p.
1886 3430 1959 3480 16
1984 3425 2085 3478 flat
2112 3426 2298 3495 gravis

269 3505 334 3559 ci.
373 3505 488 3558 Leo
515 3506 534 3572 ΙΙ
561 3509 665 3557 488
705 3506 793 3557 ete
832 3520 896 3557 eo
935 3505 1014 3570 (et
1052 3518 1184 3556 eoeo
1224 3502 1407 3570 Ribb.)
1448 3517 1613 3554 sonus
1650 3499 1721 3552 13¹
1747 3501 1766 3567 Η
1793 3502 1899 3550 484
1934 3497 2167 3565 rapidus
2206 3500 2251 3547 A
2287 3497 2293 3567 Ι

271 3590 512 3628 occeano
550 3576 772 3644 311485
810 3573 1033 3628 revellit
1055 3579 1110 3625 Ε
1139 3575 1157 3640 ΙΙ
1184 3577 1287 3624 487
1328 3571 1595 3625 decedere
1632 3576 1674 3622 E
1712 3572 1730 3639 ΙΙ
1766 3574 1863 3621 481
1903 3569 2097 3621 datum
2136 3569 2221 3622 est
2255 3571 2300 3618 A

1876 3657 1978 3711 17*
