2658 4117
1112 277 1368 330 MEDEA

233 421 396 484 festa
443 420 627 484 dioax
673 420 901 483 fundat
947 421 1239 486 convicia
1282 422 1717 505 fescenninus,

236 510 446 572 solvat
489 509 680 572 turba
727 509 902 572 iooos
956 546 1030 554 —
1082 510 1296 573 tacitis
1344 514 1447 573 eat
1492 511 1605 573 illa
1649 512 1930 575 tenebris
1940 561 1959 593 ‚

232 598 286 660 si
334 618 461 679 qua
504 597 840 681 peregrino
888 597 1077 661 nubit
1120 597 1399 682 fugitiva
1443 600 1691 662 marito,

883 806 1195 872 MEDEA
1269 807 1604 873 NVTRIX

366 929 760 1014 OccidimuS‚
806 954 988 996 aures
1035 932 1287 1016 pepulit
1329 931 1721 1015 hymenaeus
1769 956 1958 999 meas.

230 1020 340 1082 vix
388 1020 528 1102 ipsa
572 1024 853 1103 tantum,
898 1022 1008 1084 vix
1055 1020 1264 1085 adhue
1311 1021 1498 1085 credo
1546 1023 1802 1085 malum.

229 1107 354 1170 hoc
399 1108 605 1173 faeere
650 1107 842 1172 Iason
886 1109 1128 1191 potuit,
1174 1112 1394 1191 erepto
1441 1113 1620 1192 patre

228 1196 439 1278 patria
484 1200 675 1279 atque
720 1218 919 1282 regno
969 1197 1224 1260 sedibus
1273 1198 1476 1260 solam
1525 1198 1757 1262 exteris

231 1285 515 1348 deserere
564 1284 802 1348 durus?
847 1285 1078 1348 merita
1124 1285 1513 1367 contempsit
1557 1308 1701 1350 mea

231 1373 344 1453 qui
391 1374 625 1436 scelere
671 1373 960 1436 flammas
1007 1374 1254 1437 viderat
1298 1373 1471 1437 vinei
1519 1377 1583 1437 et
1629 1376 1845 1439 mare?

229 1460 471 1524 adeone
518 1461 720 1525 eredit
767 1482 954 1524 omne
1002 1465 1456 1544 consumptum
1501 1462 1725 1526 nefas?

229 1549 472 1614 ineerta
517 1570 776 1613 vaecors
824 1554 1036 1613 mente
1082 1571 1357 1613 vaesana
1400 1550 1572 1613 feror

229 1640 442 1718 partes
490 1639 558 1700 in
606 1659 853 1721 omnes3
899 1637 1068 1700 unde
1115 1659 1216 1701 me
1262 1638 1487 1701 ulcisci
1535 1639 1808 1721 queam?

228 1725 476 1788 utinam
525 1729 692 1789 esset
736 1727 834 1789 illi
877 1725 1099 1788 frater!
1147 1729 1245 1789 est
1290 1727 1597 1789 coniunx:
1645 1728 1714 1789 in
1757 1727 1924 1790 hano

228 1813 466 1877 ferrum
515 1815 826 1898 exigatur.
917 1813 1042 1877 hoo
1082 1814 1247 1876 vmeis
1294 1814 1451 1877 satis
1498 1817 1595 1877 est
1640 1813 1871 1878 malis?

229 1902 285 1964 si
332 1901 504 1983 quod
549 1902 881 1986 Pelasgae,
928 1902 983 1965 si
1030 1901 1202 1985 quod
1247 1902 1437 1965 urbes
1484 1902 1790 1966 barbarae

230 2011 461 2054 novere
505 1991 755 2055 facinus
805 1989 978 2073 quod
1022 1994 1170 2054 tuae
1217 1990 1517 2075 ignorent
1561 2012 1816 2074 manus,

227 2100 399 2142 nuno
445 2083 542 2143 est
586 2079 958 2162 parandum.
1046 2080 1283 2143 seelera
1327 2082 1392 2142 te
1438 2079 1777 2143 hortentur
1820 2084 1932 2143 tua

228 2170 292 2230 et
337 2172 567 2232 cuncta
609 2167 897 2231 redeant:
945 2167 1239 2231 inolitum
1285 2168 1470 2251 regni
1516 2168 1708 2231 decus

225 2260 481 2338 raptum
529 2260 594 2319 et
637 2255 947 2319 nefandae
994 2254 1263 2339 virginis
1309 2277 1545 2337 parvus
1593 2277 1805 2320 comes

229 2343 470 2407 divisus
519 2366 694 2425 ense,
738 2344 932 2407 funus
980 2343 1304 2427 ingestum
1349 2345 1518 2425 patri

226 2454 646 2515 sparsumque
693 2435 894 2515 ponto
944 2453 1174 2514 corpus
1223 2434 1286 2493 et
1332 2431 1546 2495 Peliae
1593 2431 1761 2495 senis

227 2520 489 2584 decocta
534 2542 693 2584 aeno
740 2520 1053 2583 membra:
1097 2519 1425 2583 funestum
1472 2519 1668 2602 impie

225 2631 419 2691 quam
466 2630 653 2691 saepe
697 2607 837 2671 fudi
885 2608 1290 2692 sanguinem,
1337 2611 1401 2670 et
1445 2608 1696 2671 nullum
1744 2610 1950 2672 scelus

224 2698 389 2760 irata
431 2697 583 2760 feei:
631 2697 834 2760 suasit
879 2696 1104 2759 infelix
1151 2717 1348 2758 amor.

358 2784 526 2860 Quid
572 2789 788 2848 tamen
832 2782 1026 2849 Iason
1071 2783 1312 2866 potuit,
1360 2784 1551 2847 alieni
1598 2784 1824 2847 arbitri

223 2874 509 2955 iurisque
552 2873 807 2937 faetus?
854 2872 1077 2936 debuit
1119 2872 1288 2935 ferro
1339 2872 1600 2936 obvium

223 2962 451 3025 offerre
497 2966 720 3045 peetus
766 2997 855 3007 ——
901 2961 1160 3042 melius,
1206 2983 1244 3023 a
1289 2961 1546 3044 melius,
1594 2960 1777 3023 dolor

220 3050 490 3131 furiose,
536 3051 815 3133 loquere.
908 3049 963 3112 si
1009 3052 1255 3132 potest,
1300 3049 1479 3111 vivat
1524 3069 1702 3111 meus
1715 3097 1732 3130 ‚

2132 281 2258 344 123

2154 617 2255 665 115

2153 1304 2253 1351 120

2150 1745 2251 1791 125

2148 2185 2250 2233 130

2147 2626 2244 2674 135

2145 3066 2247 3114 140

363 3264 453 3310 115
501 3258 754 3328 fugitura
790 3262 836 3309 A
892 3257 1101 3310 furtiva
1151 3259 1224 3310 N.
1263 3257 1537 3311 Heinsius
1575 3273 1633 3324 p.
1677 3261 1788 3311 120
1850 3260 1869 3324 ΙΙ
1931 3262 2021 3311 116
2066 3277 2247 3311 »mom

220 3345 416 3382 xva-mx
453 3335 564 3395 Εψ
602 3346 701 3384 om.
733 3332 779 3379 A
833 3331 852 3395 11
905 3333 997 3381 121
1036 3327 1245 3380 seelera
1281 3334 1325 3379 Ε
1381 3329 1400 3395 ΙΙ
1451 3332 1550 3379 122
1588 3327 1779 3381 credet
1812 3333 1856 3379 Ε
1919 3330 1937 3396 ΙΙ
2001 3334 2097 3381 123
2136 3346 2246 3382 11011

220 3416 358 3454 sana
396 3404 442 3451 A
469 3402 487 3468 ΙΙ
515 3405 613 3454 126
651 3401 740 3453 sat
777 3402 862 3452 est
899 3403 945 3450 A
972 3401 990 3466 ΙΙ
1017 3404 1112 3451 127
1150 3398 1305 3451 urbis
1344 3403 1387 3449 Ε
1415 3400 1433 3465 n
1459 3403 1557 3450 128
1594 3397 1858 3466 ignorant
1895 3401 1986 3468 Au
2012 3404 2109 3452 129
2147 3416 2247 3469 pa-

216 3471 485 3525 trandum
523 3471 698 3526 Bothe
741 3472 761 3539 ΙΙ
805 3475 904 3522 132
941 3469 1216 3524 incestum
1254 3474 1299 3519 A
1341 3469 1359 3535 ΙΙ
1403 3472 1499 3520 135
1538 3467 1654 3521 vidi
1690 3474 1734 3520 Ε
1776 3472 1794 3537 ΙΙ
1836 3474 1934 3521 136
1972 3471 2154 3523 saeuit
2191 3490 2246 3524 ω

217 3561 352 3598 corr.
395 3543 598 3610 Peiper
632 3543 750 3596 coll.
788 3541 877 3595 00.
911 3541 995 3592 Μ.
1027 3541 1151 3592 VII
1172 3544 1262 3606 18,
1301 3539 1459 3594 VIII
1480 3544 1552 3592 90
1590 3539 1785 3608 (movit
1822 3540 1954 3610 Leo)
1982 3542 2001 3608 ΙΙ
2029 3545 2126 3593 139
2164 3542 2245 3593 af-

218 3613 361 3667 ferre
401 3619 443 3665 E
479 3615 485 3672 Ι
519 3628 586 3666 ao
623 3612 823 3664 melius
863 3613 914 3663 d.
953 3616 1021 3674 Ε,
