2658 4117
342 251 427 313 60
986 252 1045 303 L.
1075 251 1357 304 ANNAEI
1395 249 1720 304 SENECAE

341 396 531 459 debes
577 393 846 479 Achilli,
891 397 1119 460 merita
1165 397 1221 460 si
1266 396 1457 481 digne
1504 397 1829 479 aestimas,

341 490 405 549 et
452 485 508 548 si
554 507 631 548 ex
676 484 963 569 Mycenis
1009 487 1324 571 virginem
1373 489 1563 568 atque
1608 483 1802 571 Argis
1849 489 2043 568 petat.
2260 501 2366 549 245

341 574 673 638 dubitatur
717 578 781 637 et
826 575 954 637 iam
1000 576 1239 658 placita
1283 597 1455 639 nunc
1502 575 1717 638 subito
1766 574 2090 658 improbas

338 663 704 745 Priamique
748 668 964 727 natam
1009 663 1184 728 Pelei
1229 668 1382 727 nato
1428 666 1635 728 ferum

341 756 616 816 mactare
663 754 865 816 credis
878 755 910 816 Ῥ
958 757 1025 816 at
1068 757 1246 817 tuam
1292 757 1511 816 natam
1558 775 1786 836 parens

338 840 622 904 Helenae
670 843 1043 905 immolasti:
1092 843 1283 906 solita
1331 843 1457 905 iam
1506 846 1570 905 et
1613 843 1784 905 facta
1830 845 2076 924 expeto

339 947 547 993 AGAM.
577 929 861 994 Iuvenile
890 932 1121 994 vitium
1140 935 1237 994 est
1263 953 1482 1016 regere
1510 952 1642 993 non
1660 952 1847 1014 posse
1868 931 2211 1014 impetum3
2260 945 2367 994 250

339 1020 564 1083 aetatis
612 1020 772 1083 alios
817 1021 1032 1083 fervor
1074 1019 1183 1084 hic
1228 1021 1475 1103 primus
1520 1020 1716 1102 rapit,

336 1108 654 1192 Pyrrhum
701 1112 1021 1192 paternus,
1113 1109 1378 1192 spiritus
1427 1109 1748 1191 quondam
1794 1108 1993 1172 trucis

339 1198 671 1280 minasque
717 1198 949 1261 tumidi
992 1199 1205 1261 lentus
1249 1195 1565 1261 Aeacidae
1610 1198 1759 1260 tuli:

340 1308 466 1369 quo
514 1288 700 1369 plura
745 1287 981 1370 possiS,
1026 1288 1213 1370 plura
1257 1287 1576 1369 patienter
1619 1286 1803 1349 feras.

472 1374 637 1450 Quid
684 1377 872 1440 caede
920 1375 1057 1439 dira
1100 1376 1352 1439 nobiles
1400 1375 1558 1440 clari
1603 1375 1784 1438 ducis
2259 1389 2365 1437 255

338 1465 624 1550 aspergis
670 1464 973 1528 umbras?
1020 1485 1281 1528 noscere
1325 1465 1452 1528 hoc
1499 1465 1783 1546 primum
1830 1465 2009 1527 decet
2017 1451 2080 1545 ‚-

338 1554 492 1636 quid
537 1555 745 1618 facere
791 1555 997 1617 victor
1044 1553 1297 1636 debeat,
1343 1555 1551 1617 victus
1599 1554 1754 1637 pati.

337 1644 619 1707 violenta
663 1665 850 1707 nemo
900 1644 1168 1726 imperia
1214 1643 1533 1707 continuit
1580 1643 1716 1725 diu,

338 1733 664 1796 moderata
711 1734 967 1817 durant3
1015 1754 1268 1815 quoque
1314 1731 1601 1795 Fortuna
1647 1732 1838 1795 altius

338 1822 549 1884 evexit
596 1843 669 1885 ac
712 1822 952 1885 levavit
995 1822 1309 1885 humanas
1358 1842 1539 1904 opes,
2259 1834 2365 1883 260

335 1909 459 1973 hoc
507 1932 572 1972 se
620 1912 825 1996 magis
873 1912 1269 1994 supprimere
1316 1911 1571 1974 felicem
1618 1911 1798 1973 decet

336 1999 673 2083 variosque
719 2021 902 2064 casus
948 2004 1218 2064 tremere
1265 2002 1657 2064 metuentem
1704 1999 1855 2062 deos

335 2089 607 2151 nimium
652 2090 953 2153 faventes.
1048 2112 1283 2175 magna
1327 2093 1655 2153 momento
1704 2088 1890 2151 obrui

336 2178 648 2241 vincendo
696 2178 904 2241 didici.
998 2178 1189 2242 Troia
1233 2201 1353 2242 nos
1398 2178 1681 2241 tumidos
1727 2177 1887 2241 facit

333 2266 606 2329 nimium
654 2289 728 2331 ac
772 2268 1059 2331 feroces}>
1108 2271 1351 2331 stamus
1397 2267 1523 2331 hoc
1569 2265 1778 2329 Danai
1823 2266 1998 2346 loco,
2256 2278 2361 2327 265

334 2355 501 2417 unde
547 2356 661 2417 illa
707 2356 951 2418 cecidit.
1041 2358 1273 2439 fateor,
1325 2356 1670 2439 aliquando
1718 2356 2039 2438 impotens

332 2465 531 2528 regno
580 2466 654 2508 ac
701 2445 1012 2527 superbus
1060 2447 1251 2508 altius
1299 2448 1536 2508 memet
1580 2445 1729 2528 tuli3

335 2532 444 2596 sed
489 2532 685 2618 fregit
729 2533 875 2596 illos
924 2534 1186 2617 spiritus
1231 2535 1392 2599 haec
1439 2556 1602 2617 quae
1650 2534 1797 2596 dare

331 2622 650 2705 potuisset
694 2622 837 2685 aliis
885 2644 1101 2706 causa,
1147 2622 1470 2687 Fortunae
1516 2624 1714 2686 favor.

331 2714 404 2773 tu
451 2733 553 2774 me
600 2711 974 2793 superbum,
1019 2712 1298 2794 Priame,
1345 2717 1416 2776 tu
1462 2712 1763 2775 timidum
1810 2710 1986 2774 facis,
2255 2725 2361 2773 270

332 2822 452 2885 ego
502 2822 638 2863 esse
685 2800 1029 2883 quicquam
1076 2806 1328 2884 sceptra
1372 2802 1500 2864 nisi
1545 2821 1710 2864 vano
1757 2803 1978 2882 putem

330 2890 583 2974 fulgore
628 2893 871 2953 tectum
917 2912 1153 2953 nomen
1199 2894 1263 2953 et
1307 2892 1471 2954 falso
1521 2912 1770 2953 comam

331 2978 545 3043 vinclo
595 2978 966 3043 decentem?
1013 3000 1195 3043 casus
1243 2979 1402 3043 haec
1447 2979 1654 3062 rapiet
1700 2978 1911 3041 brevis
1919 3027 1938 3059 ‚

331 3090 450 3132 nec
496 3068 673 3132 mille
718 3069 937 3132 forsan
980 3068 1226 3131 ratibus
1274 3072 1387 3131 aut
1432 3068 1616 3131 annis
1665 3067 1909 3130 decem:

329 3179 462 3220 non
508 3158 808 3221 omnibus
853 3159 1115 3221 fortuna
1159 3162 1292 3221 tam
1338 3158 1514 3220 lenta
1560 3156 1870 3219 imminet.
2253 3168 2359 3217 275

472 3283 578 3330 244
618 3279 791 3348 digna
817 3285 860 3331 Ε
887 3281 906 3348 ΙΙ
935 3285 1040 3333 246
1077 3280 1207 3333 dub.
1238 3279 1448 3333 etiam?
1475 3279 1619 3348 plac.
1651 3295 1706 3331 ω
1744 3294 1879 3330 corr.
1911 3276 2180 3329 Bacheler
2211 3276 2218 3344 Ι
2250 3291 2357 3328 nec

331 3367 370 3400 S.
401 3348 607 3416 probas
627 3354 671 3401 A
690 3351 708 3422 Η
726 3356 829 3403 247
859 3352 1213 3420 patriamque
1241 3353 1476 3421 gnatam
1503 3356 1545 3402 E
1566 3350 1584 3420 Η
1604 3355 1709 3403 249
1738 3350 1898 3401 sueta
1928 3363 2048 3416 exp.
2080 3348 2312 3416 Bentley
2339 3346 2358 3417 Η

331 3424 429 3472 251
466 3420 681 3487 primae
719 3426 763 3473 A
801 3424 819 3490 ΙΙ
854 3428 952 3475 251
989 3428 1121 3475 252“
1156 3424 1375 3493 Pyrrho
1412 3423 1511 3476 dat
1546 3420 1792 3489 Scaliyer
1838 3422 1856 3488 ΙΙ
1902 3424 2009 3472 252
2045 3418 2103 3470 Ρ.
2146 3420 2202 3471 et
2237 3420 2354 3486 pat.

331 3492 563 3560 Bentley
604 3494 611 3559 Ι
651 3494 837 3545 truces
874 3498 919 3544 A
964 3496 982 3561 ΙΙ
1027 3499 1132 3546 264
1168 3493 1310 3547 facis
1348 3495 1494 3563 ψ(τ)
1539 3495 1558 3562 ΙΙ
1604 3497 1710 3560 269
1748 3491 1847 3544 alii
1886 3495 1931 3541 A
1985 3492 2002 3558 [1
2058 3494 2156 3542 271
2196 3487 2360 3557 egon’

331 3563 562 3631 Bentley
606 3566 624 3630 11
670 3568 775 3615 273
812 3563 995 3616 vinclo
1032 3567 1316 3634 tegentem
1353 3576 1410 3629 ψ
1443 3567 1450 3633 1
1482 3563 1633 3632 rapit
1670 3568 1743 3614 At
1798 3566 1816 3631 ΙΙ
1871 3566 1977 3614 274
2014 3560 2221 3613 forsam
2259 3566 2302 3611 E
2340 3559 2361 3631 Η

331 3637 435 3685 275
474 3639 600 3686 ante
637 3638 744 3685 274
779 3639 821 3685 E
860 3635 958 3688 del.
991 3636 1103 3690 Leo
1138 3638 1182 3688 I
1202 3640 1272 3690 35
