2658 4117
482 270 568 335 52
977 278 984 287 ,
1131 268 1188 320 L.
1219 267 1501 321 ANNAEI
1538 265 1863 320 SENECAE

487 415 751 479 metitur
798 413 999 477 oculis
1046 434 1120 476 ac
1167 412 1385 477 decem
1433 412 1689 476 tandem
1734 413 1906 475 ferus

487 504 763 589 ignoscit
809 503 1018 586 annis3
1064 502 1283 565 horret
1329 501 1633 564 afflictam
1682 523 1965 584 quoque,

484 594 846 675 victamque
894 591 1185 673 quamvis
1231 590 1471 671 videat,
1515 590 1673 653 haut
1719 589 1920 653 credit
1965 590 2089 654 sibi
2439 608 2510 654 25

487 682 771 765 potuisse
817 681 1005 743 vinci.
1098 680 1305 763 spolia
1350 679 1907 762 populator'rapit

487 770 836 852 Dardania3
881 768 1181 853 praedam
1229 768 1407 831 mille
1453 789 1586 831 non
1630 768 1894 850 capiunt
1937 772 2123 831 rates.

617 858 845 922 Testor
891 857 1153 921 deorum
1199 879 1441 920 numen
1486 855 1821 919 adversum
1869 856 2056 939 mihi,

489 948 858 1031 patriaeque
906 947 1146 1010 cineres
1191 950 1384 1028 teque
1428 949 1740 1009 rectorem
1786 944 2115 1030 Phrygum

488 1059 675 1119 quem
724 1035 916 1098 Troia
959 1039 1098 1099 toto
1147 1034 1477 1098 conditum
1523 1056 1723 1118 regno
1770 1034 1958 1118 tegit,
2436 1051 2508 1099 30

487 1130 758 1207 tuosque
804 1146 1022 1188 manes
1072 1146 1198 1206 quo
1246 1124 1427 1187 stetit
1472 1127 1680 1186 stante
1725 1121 1947 1204 Ilium,

491 1219 555 1278 et
601 1236 714 1277 vos
762 1234 1050 1276 meorum
1096 1213 1372 1276 liberum
1420 1213 1638 1296 magni
1685 1234 1937 1298 greges,

493 1303 758 1366 umbrae
805 1303 1109 1366 minores:
1158 1301 1464 1384 quicquid
1510 1301 1758 1364 adversi
1805 1301 2062 1382 accidit,

495 1413 932 1474 quaecumque
978 1390 1271 1454 Phoebas
1319 1412 1427 1453 ore
1471 1389 1807 1473 lymphato
1853 1391 2069 1454 furens

490 1480 662 1544 credi
708 1481 825 1544 deo
871 1483 1127 1543 vetante
1173 1478 1493 1563 praedixit
1537 1480 1734 1561 mala,
2445 1495 2513 1543 35

491 1571 669 1654 prior
714 1567 980 1632 Hecuba
1026 1568 1160 1631 vidi
1206 1568 1469 1653 gravida
1515 1590 1632 1631 nec
1677 1568 1849 1631 tacui
1897 1572 2104 1632 metus

492 1663 555 1723 et
598 1681 762 1722 vana
807 1662 982 1721 vates
1030 1661 1177 1721 ante
1226 1655 1646 1720 Cassandram
1692 1657 1805 1720 fui.

491 1771 625 1811 non
669 1751 891 1810 cautus
936 1747 1118 1830 ignes
1165 1743 1423 1809 Ithacus
1471 1749 1583 1809 aut
1626 1744 1834 1809 Ithaci
1880 1766 2091 1809 comes

488 1841 842 1901 nocturnus
889 1837 958 1899 in
1002 1858 1116 1899 vos
1164 1835 1401 1918 sparsit
1447 1838 1558 1897 aut
1600 1835 1798 1898 fallax
1848 1833 2073 1898 Sinon:
2484 1898 2487 1899 γ

490 1948 669 1990 meus
716 1925 884 2010 ignis
931 1926 1051 1988 iste
1098 1928 1220 2005 est,
1264 1924 1514 1987 facibus
1563 1924 1798 1988 ardetis
1845 1925 2021 1988 meis,
2439 1941 2515 1988 40

489 2014 600 2080 sed
647 2013 802 2097 quid
845 2014 1063 2078 ruinas
1110 2013 1286 2077 urbis
1335 2034 1587 2078 eversae
1635 2013 1868 2099 gemi8‚

487 2106 678 2168 vivax
725 2103 1059 2167 senectus?
1104 2103 1350 2186 respice
1396 2103 1622 2166 infelix
1669 2103 1750 2166 ad
1793 2103 1912 2167 hos

486 2195 697 2256 luctus
745 2196 1052 2256 recentes:
1099 2190 1292 2255 Troia
1337 2192 1465 2255 iam
1512 2196 1693 2255 vetus
1741 2196 1838 2256 est
1882 2193 2141 2255 malum.

489 2281 623 2345 vidi
668 2279 1087 2344 execrandum
1133 2281 1348 2366 regiae
1394 2280 1603 2344 caedis
1650 2282 1827 2344 nefas

491 2372 789 2454 ipsasque
836 2370 915 2433 ad
960 2392 1100 2434 aras
1147 2371 1353 2433 maius
1402 2370 1749 2434 admissum
1798 2371 2005 2434 scelus
2445 2387 2512 2435 45

492 2458 789 2522 Aeacidis
838 2459 1058 2542 armis,
1104 2479 1250 2522 cum
1296 2460 1505 2541 ferox,
1552 2479 1776 2522 scaeva
1821 2481 2015 2522 manu

494 2570 677 2613 coma
720 2548 1050 2612 reflectens
1098 2548 1345 2634 regium
1392 2552 1562 2611 torta
1606 2550 1826 2630 caput,

493 2638 624 2701 alto
671 2636 1018 2700 nefandum
1064 2638 1314 2700 vulneri
1359 2636 1599 2700 ferrum
1647 2636 1920 2720 abdidit3

495 2727 666 2810 quod
711 2726 965 2810 penitus
1013 2730 1225 2789 actum
1273 2747 1418 2789 cum
1465 2726 1836 2810 recepisset,
1881 2726 2088 2791 libens

490 2815 659 2880 ensis
706 2814 892 2879 senili
937 2815 1141 2879 siccus
1189 2837 1222 2878 e
1268 2815 1492 2899 iugulo
1538 2814 1719 2878 redit.
2448 2831 2518 2878 50

492 2906 743 2987 placare
793 2926 981 2987 quem
1028 2926 1159 2967 non
1204 2905 1419 2986 potuit
1465 2927 1501 2967 a
1548 2904 1737 2967 caede
1785 2904 1976 2968 effera

638 3137 706 3183 25
746 3134 845 3185 aut
881 3137 923 3182 E
961 3135 1093 3201 (non
1128 3148 1245 3200 sup.
1285 3148 1385 3185 scr.
1426 3131 1517 3200 ΕΞ)
1555 3131 1709 3185 haud
1745 3138 1817 3183 Ατ
1889 3135 1907 3201 ΙΙ
1970 3138 2040 3185 29
2078 3131 2380 3201 phyrigum
2420 3136 2461 3181 E
2499 3130 2519 3202 Η

500 3208 561 3256 31
600 3203 861 3271 quodque
899 3202 1057 3255 stetit
1093 3205 1224 3256 ante
1261 3201 1423 3256 ih'um
1451 3208 1496 3255 Δ
1524 3206 1543 3272 ΙΙ
1570 3208 1638 3255 34
1675 3202 2022 3272 lymphatico
2056 3207 2130 3254 Δτ
2165 3206 2278 3272 1146
2315 3201 2520 3258 Aeacis

496 3280 538 3326 E
578 3275 639 3340 (i.
670 3291 710 3328 e.
742 3274 1001 3328 Aeacidis
1036 3273 1105 3340 cf.
1135 3273 1402 3328 Dracont.
1446 3275 1643 3340 V155,
1681 3282 1731 3329 et
1765 3275 1845 3328 sie
1882 3274 2146 3344 Sealiyer)
2191 3273 2436 3327 Aeacide
2472 3277 2521 3324 Δ

499 3344 686 3398 Aiacis
729 3347 948 3400 Gronov
998 3345 1277 3398 Aeacidae
1325 3345 1397 3397 ab
1437 3345 1605 3399 armis
1643 3347 1718 3399 N.
1749 3346 2021 3400 Heinsius
2050 3364 2106 3414 p.
2139 3350 2259 3399 151.
2327 3344 2521 3398 Aiacis

497 3415 647 3468 ausis
694 3417 939 3485 Bentley.
1021 3417 1126 3471 Leo
1172 3418 1268 3472 ω’..-
1312 3416 1578 3485 ipsasque
1624 3417 1698 3470 ad
1745 3432 1869 3470 aras
1917 3417 2118 3486 (maius
2157 3416 2524 3470 admissumst

497 3486 625 3554 fide)
663 3487 923 3540 Aeacidis
962 3503 1133 3554 arma,
1173 3495 1234 3542 at
1276 3489 1346 3553 cf.
1376 3490 1599 3542 11377.
1675 3490 1898 3544 Richter
1932 3490 2028 3543 ω’..-
2065 3488 2168 3557 ips.
2210 3488 2282 3541 ad
2322 3504 2369 3540 a.
2401 3504 2523 3541 ma-

498 3555 664 3609 nibus
712 3558 1016 3611 admissum
1063 3559 1241 3612 scelus
1286 3559 1574 3623 Aeacidis,
1625 3558 1792 3612 armis
1841 3576 1967 3613 cum
2012 3560 2110 3612 fer.
2168 3563 2185 3628 ΙΙ
2240 3564 2309 3611 49
2325 3577 2401 3624 sq.
2442 3561 2525 3614 sie

501 3626 793 3696 distinquit
830 3629 912 3680 M.
947 3629 1155 3684 Mz‘cller
1191 3630 1292 3683 Ph.
1321 3634 1482 3700 2621!
1512 3636 1578 3683 50
1618 3631 1779 3684 senili
1816 3631 2027 3685 tinctus
2065 3635 2109 3682 A
