2658 4117
372 230 503 294 224
1016 230 1075 284 L.
1106 230 1388 291 ANNAEI
1425 229 1752 285 SENECAE

378 376 590 440 subito
640 374 910 440 dehiscit
955 378 1125 439 terra
1172 378 1237 439 et
1280 376 1595 439 immenso
1642 375 1786 439 sinu

372 467 586 530 laxata
628 465 839 548 patuit
878 501 955 509 —
997 464 1135 547 ipse
1178 467 1506 547 torpentes
1550 465 1727 528 lacus

373 555 505 618 vidi
550 555 718 618 inter
762 554 1048 635 umbras,
1093 554 1230 635 ipse
1275 553 1588 636 pallentes
1634 552 1784 617 deos

373 648 753 724 noctemque
799 663 1040 725 veram3
1085 642 1334 727 gelidus
1382 643 1451 705 in
1493 641 1671 705 venis
1719 643 1897 707 stetit
2289 658 2393 708 585

373 732 706 814 haesitque
754 731 1028 816 sanguis
1122 752 1307 795 saeva
1353 730 1653 815 prosiluit
1698 730 1927 795 cohors

375 825 439 885 et
485 821 664 885 stetit
709 820 777 882 in
822 820 1015 883 armis
1061 840 1249 884 omne
1294 820 1622 903 'vipereum
1669 841 1897 904 genus,

372 909 643 974 fratrum
690 913 976 973 catervae
1022 909 1210 973 dente
1256 908 1527 973 Dircaeo
1574 912 1763 973 satae.
2289 924 2394 974 588

376 1002 515 1061 tum
562 1001 748 1061 torva
792 996 1028 1080 Erinys
1076 997 1293 1062 sonuit
1340 1001 1403 1062 et
1449 1019 1673 1063 caecus
1718 996 1925 1061 Furor
2289 1015 2394 1063 590

375 1087 749 1169 Horrorque
795 1090 860 1151 et
904 1107 1031 1149 una
1078 1087 1385 1169 quicquid
1421 1090 1721 1150 ‚aeternae
1770 1090 1988 1152 creant

378 1178 713 1259 celantque
760 1175 1084 1239 tenebrae:
1130 1174 1371 1240 Luctus
1417 1176 1698 1239 avellens
1744 1196 1995 1239 comam

375 1287 688 1367 aegreque
733 1265 973 1328 lassum
1021 1264 1341 1328 sustinens
1386 1263 1652 1328 Morbus
1700 1268 1919 1347 caput,

376 1354 589 1440 gravis
646 1351 951 1418 Senectus
999 1353 1257 1417 sibimet
1300 1357 1367 1417 et
1410 1353 1690 1436 pendens
1736 1352 1948 1418 Metus
2290 1369 2394 1417 594

375 1444 759 1525 avidumque
803 1442 1029 1544 populi
1072 1441 1280 1507 Pestis
1328 1440 1567 1527 Ogygii
1613 1444 1870 1506 malum.
2265 1458 2393 1506 ,589

374 1553 494 1597 nos
541 1531 735 1614 liquit
778 1532 1045 1595 animus.
1137 1531 1276 1614 ipse
1323 1553 1486 1614 quae
1531 1532 1693 1596 ritus
1741 1531 1910 1595 senis
2292 1545 2391 1596 595

375 1624 669 1704 artesque
714 1624 901 1684 norat
946 1621 1210 1703 stupuit.
1300 1621 1657 1704 intrepidus
1703 1641 1930 1703 parens

374 1710 709 1792 audaxque
756 1709 987 1773 damno
1036 1713 1349 1775 convocat
1392 1708 1565 1773 Ditis
1610 1709 1731 1774 feri

377 1820 667 1884 exangue
712 1799 960 1883 vulgus.
1052 1797 1202 1863 ilico
1248 1802 1323 1862 ut
1369 1797 1638 1862 nebulae
1682 1799 1854 1861 leves

376 1887 649 1952 volitant
697 1891 761 1951 et
805 1909 990 1951 auras
1036 1886 1239 1951 libero
1288 1886 1464 1951 caelo
1512 1888 1792 1951 trahunt.

375 1998 505 2041 non
551 1980 652 2041 tot
697 1975 965 2040 caducas
1012 1977 1239 2040 educat
1282 1976 1541 2040 frondes
1587 1975 1768 2060 Eryx
2293 1991 2396 2040 600

380 2088 498 2131 nec
542 2088 688 2130 vere
732 2066 922 2129 flores
968 2065 1186 2151 Hybla
1230 2070 1332 2129 tot
1378 2066 1588 2130 medio
1637 2069 1835 2147 creat,

378 2177 522 2220 cum
570 2175 836 2218 examen
880 2158 1020 2218 arto
1066 2155 1347 2219 nectitur
1393 2155 1658 2219 densum
1706 2154 1928 2240 globo,

379 2245 738 2326 fluctusque
784 2264 915 2306 non
961 2247 1061 2307 tot
1104 2243 1348 2329 frangit
1391 2241 1646 2307 Ionium
1693 2264 1892 2326 mare,

376 2354 494 2397 nec
538 2328 719 2396 tanta
765 2331 958 2416 gelidi
1006 2329 1368 2417 Strymonis
1412 2332 1667 2417 fugiens
1713 2333 1919 2397 minas

375 2424 702 2506 permutat
745 2421 988 2484 hiemes
1034 2422 1164 2485 ales
1210 2426 1276 2486 et
1322 2422 1568 2486 caelum
1617 2442 1837 2487 secans
2294 2434 2396 2484 605

379 2514 636 2594 tepente
682 2507 836 2574 Nilo
884 2514 1111 2593 pensat
1156 2509 1428 2575 Arctoas
1474 2512 1653 2575 nives

379 2603 538 2684 quot
583 2600 692 2663 ille
738 2601 1014 2682 populos
1060 2601 1224 2664 vatis
1272 2600 1494 2670 eduxit
1540 2621 1750 2664 sonus.

379 2689 560 2752 avide
607 2688 885 2752 latebras
930 2689 1209 2753 nemoris
1257 2689 1542 2752 umbrosi
1586 2692 1818 2772 petunt

378 2778 628 2841 animae
672 2779 1044 2862 trementes3
1090 2778 1338 2860 primus
1386 2778 1657 2863 emergit
1691 2776 1869 2861 solo,

379 2868 601 2931 dextra
646 2867 924 2931 ferocem
971 2867 1271 2931 cornibus
1316 2870 1574 2931 taurum
1620 2888 1942 2949 premens,
2296 2880 2399 2929 610

382 2955 648 3039 Zethus,
695 2977 1015 3038 manuque
1062 2955 1383 3020 sustinens
1428 2956 1610 3019 laeva
1657 2956 1888 3038 chelyn

380 3048 492 3128 qui
539 3066 691 3109 saxa
738 3045 910 3108 dulci
954 3045 1151 3109 traxit
1185 3042 1520 3127 Amphion
1565 3065 1749 3128 sono;

524 3242 645 3290 583.
670 3242 773 3289 584
809 3237 1014 3292 hemist.
1045 3237 1352 3305 posteriora
1382 3243 1696 3305 permutata
1733 3241 1778 3287 A
1822 3238 1840 3304 ΙΙ
1887 3240 1990 3287 589
2019 3239 2146 3303 post
2183 3238 2285 3285 594
2321 3250 2403 3287 re-

373 3309 562 3378 posuit
589 3308 718 3363 Leo.
781 3308 865 3373 Of.
906 3312 1015 3362 652
1032 3325 1140 3377 sqq.
1180 3311 1441 3377 10583qq
1443 3309 1503 3376 .ΙΙ
1532 3312 1635 3359 590
1672 3309 1794 3359 tum
1828 3309 1952 3360 tota
1988 3311 2061 3357 Av
2093 3307 2114 3374 ΙΙ
2143 3310 2244 3357 593
2281 3304 2405 3373 lap-

382 3398 506 3433 sum
533 3385 605 3431 Av
625 3378 650 3462 j}
681 3384 786 3432 600
813 3379 1038 3433 frondes
1067 3379 1210 3432 etha·
1228 3379 1438 3449 (oetha)
1466 3384 1538 3430 Av
1565 3378 1584 3450 ΙΙ
1616 3384 1721 3432 602
1751 3378 1867 3432 alto
1896 3396 1952 3432 ω
1981 3394 2117 3433 corr.
2139 3376 2361 3431 Richter
2387 3377 2405 3445 ΙΙ

383 3456 485 3503 603
523 3449 707 3503 ionius
745 3457 787 3503 E
834 3452 852 3519 ΙΙ
898 3455 1002 3503 604
1039 3433 1359 3518 strynhonis
1396 3456 1439 3503 Ε
1483 3452 1503 3518 11
1550 3455 1654 3502 606
1690 3452 1949 3519 torpente
1985 3454 2057 3500 Av
2105 3450 2124 3516 ΙΙ
2165 3452 2267 3500 608
2305 3462 2404 3515 pa·

381 3521 509 3573 vide
546 3539 602 3575 ω
652 3538 787 3576 corr.
830 3521 1138 3576 Markland
1184 3522 1259 3575 ad
1304 3521 1443 3575 Stat.
1484 3522 1601 3576 silv.
1649 3522 1773 3587 171,
1810 3526 1878 3575 11
1931 3522 1938 3589 Ι
1988 3518 2351 3573 umbrosisE
2308 3519 2406 3590 ΕΗ

384 3595 473 3642 611
509 3593 662 3644 zetus
701 3596 773 3642 Av
814 3594 821 3660 1
856 3591 1094 3646 sustinet
1130 3591 1166 3645 1.
1198 3592 1401 3645 chelim
1439 3597 1484 3643 A
