2658 4117
321 234 451 297 252
965 232 1024 284 L.
1055 229 1338 283 ANNAEI
1377 230 1702 284 SENECAE
1787 235 1794 240 ’

321 380 546 464 ignota
588 378 711 441 tibi
758 379 907 440 sunt
952 376 1094 439 iura
1137 396 1484 459 regnorum
1532 379 1643 439 aut
1686 376 1898 439 nova?

320 467 509 530 nobis
556 466 825 550 maligni
870 464 1138 545 iudices,
1184 465 1373 546 aequi
1420 464 1542 527 sibi
2247 480 2353 532 270

320 556 386 618 id
433 576 570 619 esse
613 554 798 638 regni
844 554 1196 616 maximum
1244 553 1481 637 pignus
1528 555 1786 635 putant,
2233 563 2237 568 ’

322 645 376 708 si
423 643 729 727 quicquid
773 642 917 704 aliis
963 662 1096 704 non
1139 640 1293 703 licet
1340 641 1495 704 solis
1540 641 1709 703 licet.

323 748 520 795 CLY'r.
565 729 827 815 Ignovit
871 728 1182 794 Helenae:
1229 730 1448 792 iuncta
1492 728 1784 816 Menelao
1830 729 1999 792 redit

322 842 485 903 quae
529 818 859 901 Europam
907 822 971 882 et
1016 816 1239 882 Asiam
1287 818 1550 900 paribus
1598 817 1832 880 afflixit
1876 818 2081 880 malis.
2321 879 2328 884 γ.

318 924 475 972 AEG.
525 906 651 972 Sed
694 908 875 970 nulla
919 905 1192 971 Atriden
1237 905 1488 970 Venere
1530 906 1771 969 furtiva
1816 906 2084 969 abstulit
2171 972 2173 974 ,
2247 922 2351 972 275

319 1017 436 1059 nec
483 996 653 1079 cepit
698 996 987 1059 animum
1035 996 1296 1080 coniugi
1345 995 1726 1058 obstrictum
1774 1016 1942 1059 suae.

318 1086 447 1149 iam
495 1085 739 1148 crimen
783 1085 893 1147 ille
941 1085 1190 1167 quaerit
1236 1088 1300 1148 et
1348 1104 1569 1147 causas
1615 1086 1816 1166 parat.

318 1174 413 1237 nil
459 1195 597 1236 esse
643 1173 825 1237 crede
870 1176 1060 1255 turpe
1107 1173 1522 1236 commissum
1562 1172 1711 1235 tibi:

321 1262 476 1346 quid
519 1261 792 1325 honesta
836 1262 1096 1343 prodest
1141 1262 1303 1342 vita,
1347 1259 1596 1345 flagitio
1644 1262 1920 1325 vacans?

318 1350 432 1413 ubi
479 1350 775 1414 dominus
824 1349 960 1412 odit
1004 1349 1080 1412 fit
1125 1369 1391 1432 nocens,
1436 1370 1570 1412 non
1615 1349 1957 1431 quaeritur.
2246 1363 2351 1412 280

321 1436 702 1521 Spartamne
746 1441 995 1520 repetes
1041 1440 1256 1520 spreta
1300 1441 1366 1501 et
1393 1435 1704 1520 Eurotan
1747 1442 1933 1502 tuum

318 1528 687 1610 patriasque
733 1527 911 1590 sedes
958 1526 1280 1610 profuga?
1325 1545 1460 1589 non
1506 1526 1660 1589 dant
1706 1527 1950 1589 exitum

319 1616 584 1698 repudia
627 1636 871 1699 regum.
964 1635 1077 1697 spe
1123 1618 1333 1678 metus
1378 1615 1542 1678 falsa
1586 1616 1777 1678 levas.

323 1720 517 1767 OLYT.
563 1702 818 1767 Delicta
861 1704 1046 1766 novit
1089 1724 1281 1766 nemo
1327 1704 1454 1766 nisi
1498 1703 1665 1766 fidus
1712 1724 1870 1767 mea.

319 1808 475 1855 AEG.
521 1790 674 1855 Non
719 1793 918 1855 intrat
962 1813 1271 1873 umquam
1316 1792 1568 1875 regium
1614 1792 1814 1856 limen
1858 1790 2034 1855 fides.
2246 1806 2349 1854 285

321 1896 518 1943 CLYT.
566 1877 812 1963 Opibus
860 1879 1168 1963 merebor,
1213 1884 1287 1943 ut
1334 1880 1526 1943 fidem
1574 1881 1782 1962 pretio
1831 1880 2131 1964 obligem.

318 1984 474 2032 ΑΕΘ.
520 1967 737 2032 Pretio
785 1971 1008 2051 parata
1052 1969 1335 2032 vincitur
1378 1968 1586 2051 pretio
1633 1968 1808 2032 fides.

322 2073 519 2121 CLYT.
568 2054 789 2142 Surgit
833 2056 1125 2121 residuus
1171 2057 1480 2140 pristinae
1526 2058 1759 2121 mentis
1805 2057 2015 2140 pudor
2051 2094 2134 2102 —

320 2146 474 2228 quid
522 2146 880 2228 obstrepis?
927 2146 1082 2226 quid
1126 2166 1282 2209 voce
1329 2146 1746 2227 blandiloqua
1792 2146 1962 2209 mala

320 2234 588 2297 consilia
630 2234 875 2297 dictas?
922 2233 1166 2297 scilicet
1209 2235 1412 2298 nubet
1457 2235 1605 2315 tibi,
2246 2249 2351 2298 290

317 2344 545 2407 regum
589 2322 816 2385 relicto
861 2343 1040 2406 rege,
1085 2343 1396 2406 generosa
1441 2324 1655 2387 exuli?

317 2427 474 2474 ΑΕΘ.
521 2409 609 2473 Et
656 2430 769 2474 cur
812 2408 1042 2474 Atrida
1085 2411 1307 2474 videor
1352 2410 1617 2474 inferior
1659 2411 1809 2493 tibi,

318 2502 553 2585 gnatus
590 2497 951 2582 Thyestae?
1045 2515 1241 2562 CLYT.
1289 2497 1360 2563 Si
1396 2521 1624 2582 parum
1663 2502 1786 2580 est,
1831 2499 1992 2562 adde
2030 2502 2094 2562 et
2128 2520 2349 2582 nepos.

318 2604 474 2652 ΑΕΘ.
520 2586 803 2651 Auctore
848 2586 1115 2651 Phoebo
1163 2589 1422 2672 gignor:
1466 2587 1641 2650 haud
1686 2589 1936 2671 generis
1983 2587 2196 2670 pudet.

320 2692 520 2739 CLYT.
564 2675 901 2740 Phoebum
946 2676 1258 2740 nefandae
1305 2676 1523 2758 stirpis
1571 2679 1899 2739 auctorem
1943 2696 2152 2758 vocaS‚
2246 2692 2348 2739 295

319 2785 511 2847 quem
554 2768 745 2829 nocte
792 2764 1004 2828 subita
1047 2765 1229 2828 frena
1271 2769 1680 2828 revocantem
1729 2786 1845 2827 sua

319 2855 496 2917 caelo
540 2844 923 2936 expulistis?
971 2854 1126 2937 quid
1170 2854 1321 2918 deos
1368 2853 1605 2935 probro
1652 2853 1986 2917 addimus?

323 2942 654 3025 subripere
700 2944 926 3006 doctus
971 2942 1196 3006 fraude
1243 2941 1511 3027 genialis
1557 2946 1763 3024 toroS,

319 3052 510 3112 quem
557 3028 806 3095 Venere
852 3036 1106 3095 tantum
1154 3032 1391 3095 scimus
1436 3031 1686 3095 inlicita
1729 3031 1968 3111 virum,

462 3228 568 3276 269
613 3222 767 3276 haud
803 3238 948 3276 nova
984 3227 1029 3274 A
1083 3226 1101 3291 Η
1156 3228 1261 3275 278
1306 3221 1485 3276 nichil
1520 3227 1563 3274 E
1618 3223 1636 3290 11
1692 3226 1797 3274 2·19
1841 3220 1972 3290 flag.
2013 3235 2206 3274 carens
2243 3225 2288 3272 A
2333 3223 2351 3290 ss

318 3298 418 3345 281
456 3296 774 3362 spartemne
810 3299 856 3345 A
895 3294 1187 3364 [sparthen
1226 3294 1328 3362 (vel
1361 3293 1565 3361 —tem)
1602 3310 1738 3345 num
1774 3293 1877 3362 (vel
1911 3293 2043 3361 non)
2080 3292 2219 3362 ΔΜ]
2252 3294 2261 3361 l
2294 3294 2353 3344 et

320 3366 676 3419 eurotantum
712 3371 754 3417 E
792 3381 926 3419 corr.
963 3365 1181 3419 Gronov
1219 3367 1275 3417 et
1314 3380 1349 3417 a
1384 3365 1545 3418 tanto
1582 3363 1705 3418 uiro
1744 3368 1790 3414 A
1817 3366 1835 3432 ΙΙ
1864 3367 1968 3415 288
2005 3363 2219 3416 metum
2256 3367 2303 3415 A
2334 3364 2351 3431 ΙΙ

319 3439 602 3488 288-305
648 3437 914 3490 nutricem
957 3453 1080 3489 eum
1116 3435 1375 3504 Aegistho
1411 3435 1810 3503 conloquentem
1853 3434 1995 3500 facit
2037 3439 2080 3485 Ε
2127 3433 2197 3500 ef.
2236 3434 2353 3487 Leo

318 3505 361 3555 Ι
382 3508 456 3557 83
492 3507 511 3573 ΙΙ
548 3511 654 3558 290
690 3506 900 3559 nubam
938 3507 1170 3576 Bentley
1208 3507 1227 3573 ΙΙ
1273 3511 1373 3558 291
1409 3520 1676 3575 generoso
1714 3511 1756 3557 E
1803 3507 1821 3573 ΙΙ
1866 3510 1970 3558 297
2009 3503 2212 3572 probro
2252 3503 2350 3555 ad,-

317 3582 489 3626 uocas
527 3578 572 3625 A
599 3578 618 3643 u
644 3580 748 3627 298
789 3576 891 3629 sub
927 3593 1068 3645 rupe
1103 3576 1369 3630 reductus
1406 3577 1444 3629 f.
1475 3575 1715 3645 genialis
1752 3576 1864 3629 tori
1900 3578 1984 3645 ΕἸ
2017 3574 2268 3644 geniales
2307 3578 2352 3625 A
