2658 4117
415 264 541 327 124
1057 265 1115 317 L.
1146 263 1429 317 ANNAEI
1467 263 1791 317 SENECAE

405 412 480 471 ut
523 407 675 492 fuit,
721 406 939 491 Iason3
985 408 1039 471 si
1086 408 1326 490 minus,
1372 408 1548 471 vivat
1593 412 1810 472 tamen

407 517 779 578 memorque
823 496 1029 559 nostri
1074 496 1358 559 muneris
1403 501 1624 579 parcat
1669 497 1847 560 mihi.

406 585 597 667 culpa
642 588 739 648 est
786 581 1076 648 Creontis
1122 587 1286 666 tota,
1335 585 1447 667 qui
1493 588 1743 668 sceptro
1792 585 2112 668 impotens

404 673 706 757 coniugia
750 673 944 736 solvit
989 672 1227 755 quique
1273 673 1661 756 genetricem
1707 673 2021 737 abstrahit

405 760 618 845 gnatis
665 765 730 824 et
775 764 913 824 arto
960 761 1229 846 pignore
1276 762 1605 824 astrictam
1651 761 1844 825 fidem
2325 779 2426 826 145

406 848 674 912 dirimit:
721 852 978 932 petatur
1023 850 1198 912 solus
1243 847 1378 931 hic,
1423 870 1664 932 poenas
1708 850 1847 913 luat

405 958 563 1018 quas
611 936 815 1000 debet.
906 939 1036 1000 alto
1084 938 1293 1001 cinere
1340 937 1682 1002 cumulabo
1730 937 2018 1021 domum3

403 1024 650 1088 videbit
695 1029 905 1088 atrum
951 1026 1255 1089 verticem
1299 1026 1576 1089 fiammis
1624 1026 1732 1110 agi

402 1111 612 1176 Malea
654 1115 882 1198 longas
926 1113 1198 1177 navibus
1248 1113 1510 1177 flectens
1558 1135 1786 1177 moras,

400 1218 607 1264 NVTR.
657 1199 817 1284 Sile,
864 1202 1126 1265 obsecro
1138 1250 1155 1283 ‚
1203 1206 1593 1284 questusque
1641 1205 1883 1265 secreto
1931 1201 2183 1266 abditos
2322 1219 2425 1267 150

401 1288 635 1352 manda
681 1289 904 1353 dolori.
996 1290 1217 1374 gravia,
1263 1291 1555 1372 quisquis
1602 1290 1867 1354 vulnera

401 1378 684 1459 patiente
731 1381 796 1441 et
840 1399 1044 1461 aequo
1091 1382 1307 1441 mutus
1356 1379 1570 1441 animo
1617 1378 1910 1461 pertulit,

398 1465 632 1529 referre
678 1467 916 1549 potuit:
963 1466 1059 1529 ira
1105 1488 1267 1549 quae
1313 1467 1557 1551 tegitur
1599 1470 1816 1550 nocet3

399 1554 688 1635 professa
732 1554 1010 1636 perdunt
1055 1555 1202 1617 odia
1246 1554 1568 1619 vindictae
1611 1555 1844 1618 locum.

400 1658 567 1704 MED.
612 1641 801 1706 Levis
850 1645 948 1705 est
993 1642 1176 1706 dolor
1222 1643 1351 1724 qui.
1373 1663 1596 1725 capere
1635 1643 1975 1707 consilium
2013 1647 2227 1727 potest
2320 1660 2421 1708 155

399 1732 464 1792 et
508 1730 757 1813 clepere
803 1752 966 1794 sese:
1013 1752 1248 1814 magna
1291 1752 1425 1794 non
1469 1731 1729 1795 latitant
1773 1732 1958 1794 mala.

397 1817 559 1881 libet
603 1819 695 1882 ire
742 1822 979 1882 contra.
1070 1836 1278 1882 NVTR.
1328 1816 1497 1883 Siste
1542 1819 1838 1882 furialem
1885 1820 2225 1904 impetum,

398 1905 682 1969 alumna:
728 1907 839 1970 vix
884 1910 948 1970 te
993 1907 1191 1971 tacita
1237 1906 1522 1970 defendit
1567 1909 1764 1989 quies.

397 2011 565 2056 MED.
612 1993 898 2057 Fortuna
942 1996 1141 2058 fortes
1188 1997 1444 2078 metuit,
1491 1996 1758 2081 ignavos
1805 1997 2056 2079 premit.

395 2100 602 2148 NVTR.
649 2083 831 2147 Tunc
876 2088 972 2147 est
1018 2084 1373 2168 probanda,
1419 2085 1476 2148 si
1518 2086 1735 2148 locum
1771 2085 1975 2149 virtus
2011 2084 2222 2150 habet.
2318 2102 2421 2150 160

396 2188 563 2234 MED.
608 2170 982 2253 Numquam
1029 2175 1244 2255 potest
1287 2193 1420 2236 non
1466 2194 1603 2236 esse
1648 2174 1873 2237 virtuti
1916 2174 2115 2238 locus.

394 2275 602 2321 NVTR.
653 2258 810 2340 Spes
856 2260 1036 2323 nulla
1078 2260 1270 2324 rebus
1316 2263 1634 2324 monstrat
1679 2261 1952 2325 adflictis
1998 2262 2185 2326 viam.

395 2363 563 2408 MED.
610 2344 734 2421 Qui
779 2348 873 2410 nil
919 2350 1133 2430 potest
1179 2371 1457 2431 sperare,
1506 2349 1797 2432 desperet
1840 2350 2022 2413 nihil.

393 2451 600 2497 NVTR.
647 2432 881 2498 Abiere
928 2434 1181 2518 Colchi,
1232 2437 1526 2521 coniugis
1572 2438 1751 2501 nulla
1797 2441 1894 2501 est
1938 2437 2095 2502 fides

393 2521 687 2604 nihilque
735 2527 1025 2607 superest
1071 2525 1302 2607 opibus
1351 2548 1384 2589 e
1429 2527 1627 2589 tantis
1673 2525 1812 2589 tibi.
2316 2544 2418 2592 165

393 2627 560 2673 MED.
608 2609 832 2675 Medea
878 2616 1193 2695 superest,
1238 2613 1348 2676 hic
1394 2635 1568 2678 mare
1615 2617 1679 2677 et
1723 2618 1923 2678 terras
1970 2614 2146 2678 vides

392 2698 759 2781 ferrumque
807 2703 870 2763 et
915 2701 1096 2784 ignes
1145 2704 1209 2763 et
1254 2701 1406 2767 deos
1455 2706 1519 2766 et
1562 2702 1851 2766 fulmina.

391 2804 597 2849 NVTR.
635 2786 776 2851 Rex
814 2791 911 2851 est
946 2788 1286 2853 timendus.
1370 2808 1537 2853 MED.
1575 2790 1717 2854 Rex
1753 2813 1935 2854 meus
1971 2791 2180 2855 fuerat
2217 2795 2416 2874 pater.

390 2892 597 2938 NVTR.
644 2873 798 2939 Non
842 2878 1074 2940 metuis
1122 2878 1342 2941 arma?
1423 2896 1592 2942 MED.
1640 2877 1786 2942 Sint
1823 2879 1977 2943 licet
2021 2883 2191 2943 terra
2227 2880 2417 2944 edita.

391 2980 596 3025 NVTR.
626 2961 918 3027 Moriere.
983 2982 1150 3028 MED.
1181 2962 1406 3049 Cupio,
1471 2984 1676 3030 NVTR.
1707 2966 2005 3053 Profuge.
2066 2985 2233 3031 MED.
2263 2966 2417 3033 Pae-

1026 3063 1031 3068 ’
1757 3057 1953 3120 nituit
1996 3057 2205 3142 fugae.
2313 3074 2416 3121 170

531 3246 629 3298 142
666 3242 884 3295 muneri
921 3248 966 3293 Δ
1002 3261 1075 3297 111.
1106 3244 1284 3298 nostri
1322 3263 1394 3299 m.
1425 3261 1654 3314 parcam
1689 3262 1815 3300 meo
1849 3246 2068 3302 Gronov
2107 3266 2179 3300 m.
2211 3266 2262 3301 n.
2293 3248 2416 3301 vul-

387 3311 508 3363 neri
554 3329 606 3380 p.
646 3331 718 3366 m.
760 3314 845 3366 M.
887 3314 1098 3370 Mu'ller
1148 3332 1203 3383 p.
1240 3319 1311 3370 21
1367 3319 1373 3384 Ι
1423 3332 1548 3369 meo
1595 3335 1650 3371 ω
1696 3335 1831 3372 corr.
1873 3318 2096 3373 Richter
2141 3318 2210 3385 ef.
2250 3322 2359 3372 435

388 3386 486 3433 144
523 3383 853 3449 genitricem
890 3389 933 3435 Ε
978 3387 997 3453 11
1042 3391 1140 3438 152
1176 3389 1363 3439 motus
1401 3392 1447 3439 A
1482 3390 1501 3456 ΙΙ
1544 3393 1643 3440 154
1679 3388 1924 3457 produnt
1960 3392 2050 3444 ecl.
2082 3390 2264 3459 Luyd.
2304 3400 2359 3455 ψ

388 3456 485 3503 156
522 3469 621 3505 om.
651 3455 760 3506 w)
798 3459 931 3521 (exc.
961 3461 1008 3506 n
1036 3460 1132 3523 10)
1170 3457 1270 3510 dez.
1304 3459 1536 3527 Bentley
1564 3462 1581 3529 n
1609 3464 1704 3512 163
1744 3459 1840 3527 qui
1878 3460 2056 3513 nichil
2090 3465 2133 3511 E
2162 3463 2331 3530 1111111ει
2365 3468 2419 3515 et

387 3521 514 3573 1⁸72b
550 3524 788 3592 sinyulis
832 3527 1074 3580 versibus
1118 3529 1338 3595 scripti,
1387 3529 1733 3582 168¹2—172a
1778 3538 1829 3585 et
1864 3536 1960 3584 173
1997 3532 2104 3597 sie,
2150 3538 2215 3584 ut
2259 3532 2419 3585 binos

387 3594 761 3661 unusquisque
795 3612 981 3649 versus
1014 3597 1210 3652 habeat
1243 3615 1510 3653 sermones
1544 3605 1587 3651 Ε
1616 3603 1633 3669 ΙΙ
1661 3607 1759 3653 170
1795 3600 1929 3670 fuge
1965 3606 2011 3653 A
