2658 4117
1102 251 1420 305 octrAviA
2143 256 2277 321 415

249 397 569 481 dignaque
615 399 903 459 nostram
950 396 1174 460 subole
1219 396 1492 460 fundaro
1541 397 1819 463 domum.

249 502 396 549 SEN.
442 484 748 568 Implebit
793 486 1007 548 aulam
1054 485 1252 568 stirpe
1300 486 1559 550 caelesti
1604 491 1783 550 tuam

246 578 549 659 generata
595 574 742 638 divo
791 571 1093 638 Claudiae
1139 574 1351 658 gentis
1396 576 1618 658 decus,

249 663 475 726 sortita
520 651 738 725 fratris
784 684 962 726 more
1007 660 1272 726 Iunonis
1318 667 1513 727 toros,
2169 681 2275 731 535

244 769 402 814 NER.
441 748 691 815 Incesta
738 752 1031 835 genetrix
1078 751 1357 815 detrahit
1402 751 1620 837 generi
1665 753 1886 836 fidem,

245 840 621 921 animusque
667 861 1020 941 numquam
1066 840 1361 925 coniugis
1407 841 1664 905 iunctus
1711 841 1888 905 mihi.

245 944 391 993 SEN.
438 927 700 992 Teneris
746 928 815 991 in
860 928 1044 992 annis
1089 928 1263 992 haud
1310 930 1465 993 satis
1516 930 1687 993 clara
1733 935 1830 994 est
1873 931 2061 1015 fides,

243 1018 486 1100 pudore
532 1016 740 1081 victus
787 1039 934 1082 cum
979 1018 1145 1102 tegit
1189 1018 1479 1081 flammas
1526 1039 1721 1082 amor.

240 1123 398 1169 ΗΕΒ.
436 1104 581 1169 Hoc
626 1105 919 1187 equidem
967 1110 1031 1170 et
1076 1107 1214 1190 ipse
1263 1106 1500 1171 credidi
1545 1106 1784 1171 frustra
1829 1108 1966 1191 diu,
2166 1125 2273 1174 540

242 1194 582 1258 manifesta
627 1193 918 1276 quamvis
965 1200 1224 1278 pectore
1268 1195 1632 1260 insociabili

241 1284 555 1366 vultuque
603 1283 787 1367 signa
831 1284 1175 1367 proderent
1221 1285 1438 1348 odium
1485 1284 1639 1366 mei,

240 1373 498 1435 tandem
546 1371 718 1453 quod
762 1372 989 1436 ardens
1036 1372 1265 1437 statuit
1309 1373 1533 1438 ulcisci
1581 1372 1779 1438 dolor.

241 1461 630 1546 dignamque
674 1460 975 1524 thalamis
1023 1462 1362 1546 coniugem
1408 1462 1626 1525 inveni
1671 1462 1831 1526 meis

242 1571 473 1635 genere
519 1552 713 1631 atque
758 1549 992 1633 forma,
1037 1548 1208 1613 victa
1256 1551 1363 1615 cui
1408 1551 1593 1614 cedat
1628 1550 1848 1614 Venus
2163 1568 2266 1616 545

239 1636 541 1721 Iovisque
586 1637 865 1701 coniunx
911 1640 976 1701 et
1020 1638 1203 1701 ferox
1248 1639 1444 1702 armis
1492 1637 1626 1702 dea.

242 1743 388 1790 SEN.
435 1725 736 1789 Probitas
782 1726 1067 1808 fidesque
1114 1726 1433 1811 coniugis,
1479 1747 1689 1790 mores
1736 1726 1945 1809 pudor

239 1816 537 1898 placeant
584 1815 843 1878 marito:
891 1815 1028 1878 sola
1071 1818 1383 1897 perpetuo
1429 1818 1691 1878 manent

240 1903 526 1967 subiecta
569 1902 733 1966 nulli
779 1903 1012 1967 mentis
1058 1907 1250 1985 atque
1297 1904 1496 1966 animi
1542 1903 1737 1986 bona3

238 1992 461 2056 florem
508 1990 753 2055 decoris
801 1991 1039 2078 singuli
1086 1995 1358 2076 carpunt
1403 1992 1553 2056 dies,
2161 2009 2267 2058 550

236 2098 393 2144 NER.
433 2078 670 2145 Omnes
716 2082 786 2145 in
829 2104 1025 2145 unam
1073 2082 1351 2147 contulit
1394 2082 1615 2145 laudes
1663 2082 1816 2145 deus

238 2170 562 2252 talemque
608 2170 783 2234 nasci
829 2171 964 2234 fata
1008 2172 1352 2235 voluerunt
1397 2169 1574 2234 mihi.

240 2275 387 2323 SEN.
436 2257 715 2322 Recedet
760 2281 798 2322 a
842 2262 906 2321 te
956 2255 1220 2345 (temere
1266 2280 1348 2323 ne
1396 2256 1642 2345 credas)
1691 2280 1887 2322 amor.

237 2365 396 2410 NER.
437 2345 639 2423 Quem
687 2368 1086 2412 summovere
1130 2347 1421 2411 fulminis
1468 2348 1764 2411 dominus
1811 2347 2064 2432 nequit,

237 2437 397 2500 caeli
443 2439 817 2520 tyrannum,
863 2456 1049 2500 saeva
1096 2437 1208 2518 qui
1252 2439 1549 2519 penetrat
1591 2436 1757 2500 freta
2159 2452 2262 2501 555

236 2523 539 2606 Ditisque
585 2546 809 2609 regna,
856 2525 1134 2589 detrahit
1180 2546 1446 2609 superos
1492 2525 1689 2607 polo?

237 2630 384 2679 SEN.
432 2611 780 2678 Volucrem
829 2635 965 2678 0880
1001 2611 1309 2677 Amorem
1354 2614 1545 2699 fingit
1590 2613 1907 2677 immitem
1956 2614 2146 2678 deum

235 2702 525 2766 mortalis
573 2723 765 2786 error,
810 2705 1017 2766 armat
1065 2706 1128 2766 et
1173 2703 1319 2766 telis
1366 2724 1593 2765 manus

236 2811 514 2873 arcuque
561 2811 798 2873 sacras,
844 2791 1106 2855 instruit
1151 2812 1339 2855 saeva
1383 2791 1521 2854 face

236 2880 653 2964 genitumque
700 2881 903 2944 credit
938 2879 1216 2963 Venere,
1261 2877 1556 2944 Vulcano
1603 2882 1840 2942 satum:
2155 2894 2262 2942 560

234 2968 333 3031 vis
380 2989 615 3053 magna
660 2969 894 3033 mentis
939 2968 1211 3032 blandus
1259 2972 1452 3050 atque
1499 2967 1696 3030 animi
1743 2968 1920 3032 calor

235 3054 441 3120 Amor
487 3061 608 3140 est3
654 3057 913 3121 iuventa
959 3056 1268 3142 gignitur,
1311 3056 1470 3120 luxu
1518 3056 1650 3119 otio

232 3146 518 3209 nutritur
562 3145 731 3209 inter
773 3146 944 3210 laeta
986 3144 1309 3210 Fortunae
1354 3145 1539 3208 bona.

378 3324 482 3371 532
528 3319 718 3373 sobole
772 3324 818 3371 A
875 3321 977 3388 (sic
1034 3320 1256 3388 ubique)
1320 3320 1340 3388 ΙΙ
1405 3323 1506 3370 533
1553 3316 1816 3386 impleuit
1862 3322 1908 3369 A
1961 3332 2095 3372 corr.
2146 3328 2202 3383 ψ
2239 3318 2260 3388 Η

234 3395 337 3444 538
377 3389 530 3444 clara
568 3393 653 3444 est
689 3395 735 3442 A
779 3407 914 3445 cor-r.
961 3393 1056 3445 Th.
1090 3391 1395 3445 Mommsen
1432 3389 1499 3443 cl.
1539 3391 1624 3442 est
1660 3389 1797 3443 fides
1835 3393 1881 3440 A
1916 3403 2051 3442 corr.
2090 3390 2205 3443 Leo
2241 3392 2259 3458 ΙΙ

233 3466 339 3515 539
357 3460 629 3528 flammas,
646 3478 815 3515 amor.
834 3462 947 3516 Leo
974 3464 992 3531 ΙΙ
1022 3467 1118 3514 541
1136 3459 1457 3514 insaciabili
1475 3464 1746 3525 Aeorr.1p
1774 3462 1793 3529 ΙΙ
1822 3464 1924 3512 543
1945 3471 2220 3529 urgenszp
2241 3463 2259 3530 n

232 3537 335 3584 545
376 3532 538 3585 cedet
565 3537 611 3584 A
646 3549 782 3587 corr.
812 3543 868 3598 ψ
919 3535 937 3600 ΙΙ
993 3537 1094 3584 553
1133 3532 1362 3586 recedat
1396 3537 1442 3584 A
1478 3547 1613 3585 corr.
1645 3531 1819 3585 Bothe
1864 3533 1881 3599 ΙΙ
1929 3535 2032 3583 559
2071 3547 2260 3585 arcus-

231 3619 342 3670 que
380 3619 565 3657 sacros
602 3607 648 3654 A
684 3620 820 3658 corr.
852 3604 1118 3658 Racheler
1155 3606 1420 3672 (arcuque
1458 3619 1615 3656 sacro
1654 3604 1711 3655 et
1746 3601 1783 3656 i.
1822 3601 1897 3656 N.
1925 3602 2212 3670 Heinsius)
