2658 4117
802 1089 1188 1158 TANTALI
1231 1089 1543 1157 VMBRA
1613 1090 1884 1157 FVRIA

466 1218 622 1294 Quis
670 1218 1021 1281 inferorum
1068 1217 1215 1280 sede
1262 1217 1343 1280 ab
1389 1216 1670 1281 infausta
1716 1216 1994 1281 extrahit

330 1307 518 1372 avido
563 1307 825 1392 fugaces
873 1327 983 1369 ore
1029 1308 1395 1388 captantem
1442 1306 1647 1389 cibos,

332 1397 478 1479 quis
525 1396 692 1460 male
739 1395 1003 1459 deorum
1041 1392 1313 1459 Tantalo
1361 1394 1530 1458 visas
1578 1395 1802 1458 domos

331 1484 612 1549 ostendit
655 1483 933 1549 iterum?
982 1483 1165 1566 peius
1211 1483 1545 1546 inventum
1592 1487 1690 1547 est
1734 1483 1845 1547 siti

330 1576 549 1637 arente
595 1573 663 1637 in
708 1572 897 1636 undis
944 1571 1190 1654 aliquid
1236 1575 1301 1635 et
1345 1572 1528 1654 peius
1573 1572 1743 1634 fame
2325 1587 2363 1634 5

329 1662 550 1726 hiante
596 1661 888 1744 semper?
937 1658 1201 1742 Sisyphi
1245 1659 1562 1742 numquid
1605 1658 1772 1742 lapis

330 1750 676 1835 gestandus
721 1750 960 1813 umeris
1006 1749 1291 1812 lubricus
1337 1748 1574 1812 nostris
1620 1748 1797 1811 venit

330 1843 446 1903 aut
490 1839 778 1902 membra
823 1838 1014 1902 celeri
1062 1836 1358 1900 differens
1405 1856 1595 1900 cursu
1640 1840 1809 1918 rota,

331 1930 444 1991 aut
489 1948 697 2009 poena
740 1924 918 2009 Tityi
964 1927 1077 2008 qui
1123 1946 1316 2009 specu
1363 1928 1545 1988 vasto
1592 1928 1819 2007 patens

331 2013 686 2081 visceribus
733 2018 902 2080 atras
947 2014 1156 2099 pascit
1202 2013 1451 2078 effossis
1498 2035 1646 2078 aves
2291 2028 2363 2077 10

332 2106 399 2169 et
443 2108 633 2169 nocte
677 2126 981 2188 reparans
1028 2103 1336 2186 quicquid
1382 2103 1597 2167 amisit
1644 2103 1746 2166 die

330 2194 598 2277 plenum
641 2194 883 2257 recenti
928 2192 1240 2277 pabulum
1287 2195 1577 2255 monstro
1625 2190 1835 2256 iacet?

330 2283 399 2346 in
446 2281 618 2365 quod
661 2283 904 2345 malum
950 2280 1384 2345 transcribor‘?
1431 2301 1469 2343 o
1518 2280 1808 2363 quisquis
1854 2300 2023 2343 nova

332 2371 650 2453 supplicia
693 2369 935 2435 functis
982 2370 1178 2433 durus
1222 2369 1598 2432 umbrarum
1645 2369 1883 2432 arbiter

212 2490 217 2494 ·
333 2458 647 2542 disponis,
695 2457 842 2522 addi
890 2459 945 2522 si
991 2458 1147 2540 quid
1193 2457 1274 2520 ad
1318 2478 1559 2540 poenas
1605 2460 1821 2541 potest
2293 2471 2363 2519 15

332 2547 507 2630 quod
552 2548 691 2630 ipse
737 2551 954 2611 custos
1001 2546 1272 2611 carceris
1320 2545 1446 2609 diri
1489 2545 1773 2628 horreat,

331 2635 507 2718 quod
552 2639 833 2699 maestus
880 2632 1181 2699 Acheron
1224 2637 1482 2718 paveat,
1530 2634 1610 2698 ad
1656 2635 1837 2698 cuius
1884 2636 2127 2697 metum

330 2745 450 2787 nos
500 2745 756 2807 quoque
802 2727 1179 2805 tremamus,
1227 2744 1486 2806 quaere:
1533 2723 1660 2786 iam
1706 2725 1927 2786 nostra
1972 2722 2147 2785 subit

330 2835 364 2876 e
414 2813 613 2895 stirpe
659 2812 850 2876 turba
896 2834 1058 2895 quae
1105 2834 1294 2875 suum
1341 2811 1557 2874 vincat
1602 2832 1803 2896 genus

330 2922 405 2965 ac
452 2922 555 2964 me
602 2901 1009 2965 innocentem
1054 2901 1251 2964 faciat
1297 2903 1362 2964 et
1408 2900 1633 2963 inausa
1678 2900 1922 2963 audeat.
2289 2912 2363 2960 20

471 3075 634 3129 inser.
669 3090 769 3129 om.
801 3078 846 3126 A
882 3073 1171 3128 Tantalus
1229 3089 1457 3142 megera
1494 3084 1549 3139 ψ
1612 3073 1631 3142 ΙΙ
1693 3078 1719 3125 1
1756 3089 1907 3126 vum.
1937 3077 1980 3124 Ε
2040 3072 2048 3141 Ι
2108 3070 2233 3139 quis
2270 3086 2362 3124 me

327 3144 484 3199 furor
511 3162 661 3198 nunc
690 3163 730 3199 S.
762 3144 834 3199 ab
863 3144 962 3200 inf.
994 3144 1274 3199 abstrahit
1300 3149 1346 3197 A
1372 3145 1392 3214 ΙΙ
1420 3150 1452 3197 3
1491 3143 1654 3196 uiuae
1685 3148 1730 3196 A
1757 3143 1966 3197 invisas
1996 3143 2071 3197 N.
2088 3142 2366 3196 Heinsius

318 3233 378 3286 p.
411 3219 483 3270 35
515 3218 523 3285 Ι
557 3216 722 3270 domo
759 3222 803 3269 E
848 3218 867 3286 ΙΙ
913 3222 946 3269 Β
983 3216 1233 3284 siscyphi
1268 3221 1311 3268 E
1358 3217 1377 3284 ΙΙ
1428 3220 1461 3267 9
1499 3231 1548 3269 a.
1588 3232 1642 3283 p.
1683 3214 1743 3269 T.
1785 3229 2002 3283 semper
2038 3228 2364 3267 accrescens

325 3287 482 3340 iecur
518 3292 563 3340 A
602 3288 695 3354 (cf.
725 3286 963 3342 Phaedr.
992 3291 1162 3355 1234)
1192 3289 1211 3356 ΙΙ
1238 3292 1300 3339 10
1339 3284 1660 3338 vulneribus
1698 3302 1753 3340 ω
1790 3302 1926 3340 corr.
1963 3303 2005 3339 α
2033 3286 2139 3354 1113
2177 3285 2360 3337 trans-

326 3356 542 3411 scribor
576 3363 619 3410 Ε
657 3360 676 3427 ΙΙ
712 3363 772 3411 15
813 3358 959 3411 adde
998 3375 1053 3413 ω
1091 3375 1226 3412 corr.
1262 3358 1485 3412 Gronov
1516 3357 1525 3424 Ι
1556 3357 1718 3424 potes
1755 3361 1800 3409 A
1840 3358 1858 3425 ΙΙ
1900 3361 1960 3408 18
1998 3355 2211 3410 duobus
2244 3372 2363 3408 ver-

323 3430 479 3484 sibus
525 3431 760 3498 scriptus
806 3430 926 3499 (nos
965 3446 1017 3496 q.
1061 3430 1129 3481 tr.
1156 3432 1163 3499 Ι
1188 3442 1395 3496 quaere
1417 3459 1484 3466 —-
1506 3427 1677 3496 subit)
1715 3433 1759 3480 E
1808 3428 1817 3498 Ι
1867 3442 2040 3495 quare
2081 3425 2203 3479 iam·
2233 3430 2305 3478 At
2341 3426 2360 3496 Η

326 3505 397 3552 20
418 3517 496 3564 sq.
541 3501 628 3554 his
665 3500 962 3568 paniculis
1008 3498 1302 3566 descriptos
1345 3498 1502 3552 habet
1548 3503 1616 3552 E:
1665 3514 1733 3551 ac
1762 3530 1827 3537 —
1859 3497 2036 3551 faciat
2060 3496 2066 3568 Ι
2091 3499 2148 3551 et
2179 3528 2243 3536 —
2274 3512 2362 3550 re·

326 3569 496 3640 gione
521 3571 528 3641 1
553 3570 737 3638 quicq.
762 3602 827 3610 —
851 3568 1141 3639 complebo
1167 3568 1174 3641 Ι
1197 3586 1387 3636 numq.
1411 3601 1476 3608 --
1499 3569 1665 3622 domo
