2658 4117
1073 281 1421 335 PHAEDRA
2139 284 2259 346 171

243 428 424 512 [talis
471 427 676 491 severi
721 431 925 491 mater
970 426 1315 511 Hippolyti
1360 428 1532 513 fuit]

242 517 452 600 qualis
496 517 738 580 relictis
784 516 1005 602 frigidi
1050 515 1244 580 Ponti
1289 517 1498 601 plagis

243 607 378 691 egit
424 609 708 670 catervas
754 604 1046 670 Atticum
1093 606 1357 688 pulsans
1406 608 1613 669 solum
2158 623 2263 671 400

242 694 530 758 Tanaitis
576 698 688 758 aut
731 694 1002 757 Maeotis
1050 698 1114 757 et
1159 694 1328 757 nodo
1378 716 1592 758 comas

245 784 458 868 coegit
502 784 866 865 emisitque,
911 784 1135 846 lunata
1158 783 1349 846 ”latus

244 876 534 956 protecta
578 874 776 955 pelta:
823 873 970 935 talis
1018 873 1086 934 in
1133 872 1325 935 silvas
1373 872 1556 936 ferar.
2162 890 2263 937 403

778 1074 1117 1140 NV'PRIX
1189 1074 1730 1142 HIPPOLYTVS

377 1191 628 1276 Regina
671 1213 1037 1274 nemorum,
1083 1194 1221 1256 sola
1265 1213 1429 1275 quae
1476 1196 1726 1257 montes
1773 1193 1932 1257 colis
2159 1209 2264 1256 406

246 1284 309 1344 et
353 1304 483 1344 una
527 1281 681 1344 solis
728 1280 1056 1344 montibus
1103 1281 1332 1345 coleris
1380 1282 1522 1363 dea,

246 1373 544 1434 converte
590 1370 805 1433 tristes
853 1370 1139 1433 ominum
1186 1371 1255 1433 in
1299 1371 1529 1434 melius
1575 1372 1799 1434 minas,

245 1481 284 1521 o
332 1479 566 1541 magna
612 1459 805 1522 silvas
852 1459 1017 1524 inter
1063 1462 1128 1522 et
1170 1459 1352 1522 lucos
1399 1460 1516 1522 dea

246 1546 615 1629 clarumque
664 1548 824 1612 caeli
871 1547 1046 1611 sidus
1093 1551 1158 1611 et
1201 1549 1410 1612 noctis
1458 1547 1675 1631 decus,
2162 1564 2266 1612 410

247 1637 428 1700 cuius
473 1637 715 1699 relucet
758 1636 1036 1700 mundus
1082 1637 1327 1700 alterna
1372 1637 1538 1719 vice,

248 1723 489 1788 Hecate
534 1725 873 1807 triformis,
919 1748 1000 1788 en
1046 1726 1191 1789 ades
1241 1726 1487 1808 coeptis
1532 1727 1769 1789 favens,

248 1814 533 1877 animum
577 1814 893 1898 rigentem
939 1815 1142 1878 tristis
1189 1812 1534 1898 Hippolyti
1581 1815 1792 1877 doma:

253 1903 360 1965 det
405 1903 613 1967 facilis
661 1925 869 1986 aures3
915 1903 1144 1986 mitiga
1189 1906 1415 1986 pectus
1460 1904 1692 1967 ferum:

248 2014 462 2055 amare
508 1992 737 2075 discat,
783 1996 1043 2055 mutuos
1090 1993 1271 2076 ignes
1317 1993 1496 2055 ferat.
2160 2006 2265 2054 415

249 2081 503 2145 inflecte
549 2086 854 2145 mentem:
902 2085 1124 2145 torvus
1173 2104 1430 2145 aversus
1476 2083 1657 2145 ferox

251 2171 318 2233 in
363 2172 503 2233 iura
539 2169 808 2235 Veneris
854 2170 1084 2234 redeat.
1178 2170 1304 2234 huc
1351 2171 1516 2234 vires
1562 2174 1705 2234 tuas

248 2259 533 2323 intende:
581 2260 673 2323 sic
717 2263 782 2324 te
826 2259 1028 2326 lucidi
1072 2262 1290 2323 vultus
1336 2260 1545 2323 ferant

246 2351 314 2411 et
358 2348 528 2411 nube
573 2352 764 2432 rupta
808 2348 1109 2412 cornibus
1156 2349 1334 2431 puris
1381 2370 1513 2430 eas,

249 2437 342 2500 sic
389 2441 452 2500 te
496 2441 824 2521 regentem
869 2437 1050 2501 frena
1094 2438 1395 2500 nocturni
1440 2436 1713 2501 aetheris
2165 2453 2268 2499 420

248 2526 579 2590 detrahere
624 2548 976 2608 numquam
1022 2525 1312 2589 Thessali
1359 2529 1584 2589 cantus
1631 2530 1868 2609 queant

246 2615 591 2697 nullusque
640 2615 715 2678 de
760 2618 825 2678 te
871 2616 1143 2700 gloriam
1190 2618 1410 2697 pastor
1452 2615 1631 2678 ferat.

248 2703 401 2767 ades
449 2703 773 2786 invocata,
819 2705 947 2767 iam
993 2705 1135 2767 fave
1182 2704 1378 2786 votiS‚
1424 2703 1565 2767 dea:

393 2865 496 2912 308
534 2861 633 2914 del.
663 2862 739 2914 N.
771 2862 1040 2915 Heinsius
1059 2877 1118 2929 p
1151 2865 1240 2925 66,
1269 2867 1396 2928 post
1422 2877 1469 2913 v.
1500 2864 1603 2911 403
1642 2859 1980 2941 transposuit
2015 2857 2074 2912 O
2104 2859 2269 2923 Ross-

247 2932 385 2985 bach
410 2932 429 2999 ΙΙ
457 2935 555 2982 401
610 2931 797 2984 tanais
846 2930 948 2983 alti
995 2933 1095 2985 aut
1138 2937 1180 2983 Ε
1234 2930 1482 2984 tanatois
1528 2932 1611 2984 vel
1652 2929 1839 2983 tanais
1883 2941 1939 2996 ψ
1994 2946 2129 2984 corr.
2179 2947 2217 2983 τ
2252 2929 2271 2999 ΙΙ

248 3006 355 3054 404
392 3020 511 3055 mur.
549 3007 594 3054 A
643 3005 652 3070 1
704 3003 920 3071 depone
956 3008 1001 3055 A
1051 3005 1058 3071 Ι
1102 3009 1228 3071 post
1275 3006 1381 3054 404
1428 3003 1624 3071 leyitur
1665 3018 1713 3054 υ.
1753 3004 1861 3054 359
1896 3005 1942 3052 A
1992 3003 2001 3069 Ι
2049 3005 2155 3052 404
2190 3001 2273 3053 vel

248 3077 353 3125 405
393 3089 493 3126 om.
532 3084 588 3138 ψ
615 3075 635 3142 ΙΙ
655 3081 782 3142 post
816 3078 920 3125 403
958 3090 1103 3127 nova
1137 3090 1336 3128 scaena
1377 3091 1432 3128 ω
1470 3090 1796 3125 mmmmm-vs
1840 3090 2036 3125 ermx
2070 3077 2113 3124 Ε
2155 3070 2270 3123 Ν11-

247 3143 361 3197 trix
405 3143 641 3212 Ipoh‘tus
679 3149 752 3196 At
800 3149 932 3211 (exc.
978 3145 1075 3199 Vd.
1123 3145 1221 3198 ubi
1255 3146 1457 3199 solum:
1501 3143 1706 3196 Nutrix
1750 3160 1869 3212 sup.
1910 3145 2032 3211 lin.)
2080 3160 2127 3197 v.
2164 3145 2272 3195 403

247 3216 407 3281 finiri
449 3232 702 3269 scaenam
748 3221 798 3268 et
841 3233 887 3269 v.
927 3219 1034 3269 404
1052 3233 1128 3283 sq.
1174 3232 1288 3269 non
1333 3215 1483 3270 chori
1526 3231 1633 3269 esse
1681 3215 1773 3267 sed
1819 3215 2051 3269 nutricis
2094 3229 2272 3267 secum

249 3287 518 3354 loquentis
551 3287 616 3339 in
641 3287 876 3341 silvestri
899 3289 1116 3357 ‘regione
1144 3286 1228 3340 M.
1253 3287 1463 3339 Mulier
1498 3287 1761 3354 opinatum
1785 3303 1842 3352 p.
1874 3289 1947 3339 30
1959 3303 2033 3354 sq.
2071 3285 2165 3339 sed
2200 3285 2270 3350 ef.

250 3357 329 3410 ad
363 3374 411 3411 v.
443 3360 569 3411 383.
635 3359 890 3413 Richtero
924 3359 1139 3412 videtwr
1173 3358 1422 3411 dubitari
1454 3373 1624 3424 posse,
1662 3374 1738 3410 an
1764 3356 2065 3426 Hippolyti
2098 3357 2271 3409 canti·

249 3445 372 3481 eum
416 3430 561 3497 quod
599 3430 816 3499 proloyi
859 3430 1024 3482 vicem
1065 3430 1128 3481 in
1173 3430 1331 3482 libris
1375 3435 1538 3496 tenet,
1583 3428 1884 3496 pristinam
1927 3428 2103 3482 sedem
2146 3433 2274 3495 post

249 3516 295 3552 v.
327 3503 437 3553 403
472 3501 723 3554 habuisse
754 3501 1067 3568 putandum
1100 3501 1187 3553 sit.
1242 3500 1262 3568 ΙΙ
1316 3504 1408 3551 411
1446 3498 1662 3552 alterna
1699 3498 1822 3552 face
1859 3503 1904 3550 A
1949 3502 1967 3568 ΙΙ
2021 3503 2119 3550 414
2155 3504 2276 3565 post

250 3574 346 3621 415
377 3575 422 3622 A
449 3573 469 3639 fl
495 3575 593 3623 416
620 3570 844 3624 innecte
871 3577 913 3623 Ε
951 3571 1169 3623 inuerte
1197 3588 1266 3636 α,
1304 3586 1441 3624 corr.
1473 3570 1781 3625 Koetschau
1806 3572 1825 3639 11
1852 3574 1959 3622 420
1986 3568 2271 3640 nocturnis

250 3641 389 3695 rotis
425 3642 508 3696 vel
543 3642 705 3709 aquis
743 3642 974 3712 Bentley
1001 3644 1020 3711 ΙΙ
1046 3646 1151 3693 423
1189 3641 1347 3694 fauet
1384 3646 1428 3692 A
1465 3640 1623 3695 faues
1663 3661 1703 3695 a
