<?xml version="1.0" encoding="UTF-8"?>
<!DOCTYPE html PUBLIC "-//W3C//DTD XHTML 1.0 Transitional//EN"
    "http://www.w3.org/TR/xhtml1/DTD/xhtml1-transitional.dtd">
<html xmlns="http://www.w3.org/1999/xhtml" xml:lang="en" lang="en">
 <head>
  <title>
</title>
<meta http-equiv="Content-Type" content="text/html;charset=utf-8" />
  <meta name='ocr-system' content='tesseract 3.04.00' />
  <meta name='ocr-capabilities' content='ocr_page ocr_carea ocr_par ocr_line ocrx_word'/>
</head>
<body>
  <div class='ocr_page' id='page_1' title='image "./senecaetragoedi00senegoog_0068.png"; bbox 0 0 2658 4117; ppageno 0'>
   <div class='ocr_carea' id='block_1_1' title="bbox 414 225 1792 296">
    <p class='ocr_par' dir='ltr' id='par_1_1' title="bbox 414 225 1792 296">
     <span class='ocr_line' id='line_1_1' title="bbox 414 225 1792 296; baseline -0.012 0"><span class='ocrx_word' id='word_1_1' title='bbox 414 235 495 296; x_wconf 83' lang='lat'><strong>16</strong></span> <span class='ocrx_word' id='word_1_2' title='bbox 1056 232 1114 282; x_wconf 92' lang='lat' dir='ltr'><strong>L.</strong></span> <span class='ocrx_word' id='word_1_3' title='bbox 1145 229 1428 283; x_wconf 87' lang='lat' dir='ltr'>ANNAEI</span> <span class='ocrx_word' id='word_1_4' title='bbox 1461 225 1792 282; x_wconf 19' lang='lat' dir='ltr'>*SENECAE</span> 
     </span>
    </p>
   </div>
   <div class='ocr_carea' id='block_1_2' title="bbox 405 373 2443 3121">
    <p class='ocr_par' dir='ltr' id='par_1_2' title="bbox 411 373 1701 461">
     <span class='ocr_line' id='line_1_2' title="bbox 411 373 1701 461; baseline -0.005 -18"><span class='ocrx_word' id='word_1_5' title='bbox 411 378 732 461; x_wconf 78' lang='lat' dir='ltr'><strong>squalebit</strong></span> <span class='ocrx_word' id='word_1_6' title='bbox 779 376 973 457; x_wconf 85' lang='lat' dir='ltr'><strong>arvis,</strong></span> <span class='ocrx_word' id='word_1_7' title='bbox 1019 373 1276 438; x_wconf 86' lang='lat' dir='ltr'><strong>subdita</strong></span> <span class='ocrx_word' id='word_1_8' title='bbox 1321 374 1510 437; x_wconf 87' lang='lat' dir='ltr'><strong>tectis</strong></span> <span class='ocrx_word' id='word_1_9' title='bbox 1555 373 1701 438; x_wconf 85' lang='lat' dir='ltr'><strong>face</strong></span> 
     </span>
    </p>

    <p class='ocr_par' dir='ltr' id='par_1_3' title="bbox 410 463 1680 549">
     <span class='ocr_line' id='line_1_3' title="bbox 410 463 1680 549; baseline -0.004 -18"><span class='ocrx_word' id='word_1_10' title='bbox 410 468 578 532; x_wconf 83' lang='lat' dir='ltr'><strong>altus</strong></span> <span class='ocrx_word' id='word_1_11' title='bbox 626 466 908 549; x_wconf 85' lang='lat' dir='ltr'><strong>sepultas</strong></span> <span class='ocrx_word' id='word_1_12' title='bbox 957 464 1186 527; x_wconf 85' lang='lat' dir='ltr'><strong>obruet</strong></span> <span class='ocrx_word' id='word_1_13' title='bbox 1232 467 1456 547; x_wconf 85' lang='lat' dir='ltr'><strong>gentes</strong></span> <span class='ocrx_word' id='word_1_14' title='bbox 1505 463 1680 526; x_wconf 89' lang='lat' dir='ltr'><strong>cinis.</strong></span> 
     </span>
    </p>

    <p class='ocr_par' dir='ltr' id='par_1_4' title="bbox 411 551 1718 639">
     <span class='ocr_line' id='line_1_4' title="bbox 411 551 1718 639; baseline -0.003 -21"><span class='ocrx_word' id='word_1_15' title='bbox 411 577 634 639; x_wconf 88' lang='lat' dir='ltr'><strong>pacem</strong></span> <span class='ocrx_word' id='word_1_16' title='bbox 681 552 899 616; x_wconf 82' lang='lat' dir='ltr'><strong>reduci</strong></span> <span class='ocrx_word' id='word_1_17' title='bbox 945 553 1110 615; x_wconf 85' lang='lat' dir='ltr'><strong>velle</strong></span> <span class='ocrx_word' id='word_1_18' title='bbox 1156 551 1387 614; x_wconf 81' lang='lat' dir='ltr'><strong>victori</strong></span> <span class='ocrx_word' id='word_1_19' title='bbox 1434 552 1718 634; x_wconf 83' lang='lat' dir='ltr'><strong>expedit,</strong></span> 
     </span>
    </p>

    <p class='ocr_par' dir='ltr' id='par_1_5' title="bbox 408 640 1923 725">
     <span class='ocr_line' id='line_1_5' title="bbox 408 640 1923 725; baseline -0.003 -18"><span class='ocrx_word' id='word_1_20' title='bbox 408 645 579 707; x_wconf 82' lang='lat' dir='ltr'><strong>victo</strong></span> <span class='ocrx_word' id='word_1_21' title='bbox 626 663 883 707; x_wconf 88' lang='lat' dir='ltr'><strong>necesse</strong></span> <span class='ocrx_word' id='word_1_22' title='bbox 930 645 1042 704; x_wconf 85' lang='lat' dir='ltr'><strong>est.</strong></span> <span class='ocrx_word' id='word_1_23' title='bbox 1135 640 1456 724; x_wconf 83' lang='lat' dir='ltr'><strong>particeps</strong></span> <span class='ocrx_word' id='word_1_24' title='bbox 1501 650 1702 725; x_wconf 78' lang='lat' dir='ltr'><strong>regno</strong></span> <span class='ocrx_word' id='word_1_25' title='bbox 1747 640 1923 722; x_wconf 84' lang='lat' dir='ltr'><strong>veni3</strong></span> 
     </span>
    </p>

    <p class='ocr_par' dir='ltr' id='par_1_6' title="bbox 409 728 2443 904">
     <span class='ocr_line' id='line_1_6' title="bbox 410 728 2443 814; baseline -0.001 -19"><span class='ocrx_word' id='word_1_26' title='bbox 410 732 727 796; x_wconf 82' lang='lat' dir='ltr'>sociemur</span> <span class='ocrx_word' id='word_1_27' title='bbox 771 730 1031 812; x_wconf 83' lang='lat' dir='ltr'><strong>animis,</strong></span> <span class='ocrx_word' id='word_1_28' title='bbox 1075 730 1312 814; x_wconf 87' lang='lat' dir='ltr'><strong>pignus</strong></span> <span class='ocrx_word' id='word_1_29' title='bbox 1358 728 1484 792; x_wconf 91' lang='lat' dir='ltr'><strong>hoc</strong></span> <span class='ocrx_word' id='word_1_30' title='bbox 1528 729 1679 792; x_wconf 90' lang='lat' dir='ltr'><strong>fidei</strong></span> <span class='ocrx_word' id='word_1_31' title='bbox 1724 749 1909 812; x_wconf 86' lang='lat' dir='ltr'><strong>cape:</strong></span> <span class='ocrx_word' id='word_1_32' title='bbox 2085 750 2087 753; x_wconf 71' lang='grc'>’</span> <span class='ocrx_word' id='word_1_33' title='bbox 2336 743 2443 792; x_wconf 79' lang='lat'><strong>370</strong></span> 
     </span>
     <span class='ocr_line' id='line_1_7' title="bbox 409 816 2019 904; baseline -0.002 -22"><span class='ocrx_word' id='word_1_34' title='bbox 409 821 714 904; x_wconf 84' lang='lat' dir='ltr'><strong>continge</strong></span> <span class='ocrx_word' id='word_1_35' title='bbox 761 818 1069 882; x_wconf 82' lang='lat' dir='ltr'><strong>dextram.</strong></span> <span class='ocrx_word' id='word_1_36' title='bbox 1161 817 1314 900; x_wconf 87' lang='lat' dir='ltr'><strong>quid</strong></span> <span class='ocrx_word' id='word_1_37' title='bbox 1360 816 1527 880; x_wconf 88' lang='lat' dir='ltr'><strong>truci</strong></span> <span class='ocrx_word' id='word_1_38' title='bbox 1572 819 1759 881; x_wconf 83' lang='lat' dir='ltr'><strong>vultu</strong></span> <span class='ocrx_word' id='word_1_39' title='bbox 1806 817 2019 880; x_wconf 76' lang='lat' dir='ltr'><strong>siles?</strong></span> 
     </span>
    </p>

    <p class='ocr_par' dir='ltr' id='par_1_7' title="bbox 405 907 2355 1081">
     <span class='ocr_line' id='line_1_8' title="bbox 408 907 2355 992; baseline -0.003 -20"><span class='ocrx_word' id='word_1_40' title='bbox 408 926 573 972; x_wconf 80' lang='lat' dir='ltr'><strong>MEG.</strong></span> <span class='ocrx_word' id='word_1_41' title='bbox 638 907 867 992; x_wconf 84' lang='lat' dir='ltr'>Egone</span> <span class='ocrx_word' id='word_1_42' title='bbox 913 911 987 970; x_wconf 86' lang='lat' dir='ltr'><strong>ut</strong></span> <span class='ocrx_word' id='word_1_43' title='bbox 1031 907 1314 990; x_wconf 87' lang='lat' dir='ltr'><strong>parentis</strong></span> <span class='ocrx_word' id='word_1_44' title='bbox 1363 907 1673 991; x_wconf 84' lang='lat' dir='ltr'><strong>sanguine</strong></span> <span class='ocrx_word' id='word_1_45' title='bbox 1720 926 2044 989; x_wconf 82' lang='lat' dir='ltr'><strong>aspersam</strong></span> <span class='ocrx_word' id='word_1_46' title='bbox 2092 927 2355 969; x_wconf 84' lang='lat' dir='ltr'><strong>manum</strong></span> 
     </span>
     <span class='ocr_line' id='line_1_9' title="bbox 405 995 2031 1081; baseline -0.001 -21"><span class='ocrx_word' id='word_1_47' title='bbox 405 998 805 1079; x_wconf 75' lang='lat' dir='ltr'><strong>fratrumque</strong></span> <span class='ocrx_word' id='word_1_48' title='bbox 853 996 1109 1081; x_wconf 85' lang='lat' dir='ltr'><strong>gemina</strong></span> <span class='ocrx_word' id='word_1_49' title='bbox 1155 995 1346 1059; x_wconf 87' lang='lat' dir='ltr'><strong>caede</strong></span> <span class='ocrx_word' id='word_1_50' title='bbox 1392 995 1806 1080; x_wconf 79' lang='lat' dir='ltr'><strong>contingam?</strong></span> <span class='ocrx_word' id='word_1_51' title='bbox 1854 996 2031 1078; x_wconf 82' lang='lat' dir='ltr'><strong>prius</strong></span> 
     </span>
    </p>

    <p class='ocr_par' dir='ltr' id='par_1_8' title="bbox 411 1083 1835 1170">
     <span class='ocr_line' id='line_1_10' title="bbox 411 1083 1835 1170; baseline -0.002 -21"><span class='ocrx_word' id='word_1_52' title='bbox 411 1086 747 1170; x_wconf 72' lang='lat' dir='ltr'><strong>extinguet</strong></span> <span class='ocrx_word' id='word_1_53' title='bbox 794 1088 1002 1167; x_wconf 75' lang='lat' dir='ltr'><strong>ortu8‚</strong></span> <span class='ocrx_word' id='word_1_54' title='bbox 1051 1084 1283 1148; x_wconf 86' lang='lat' dir='ltr'><strong>referet</strong></span> <span class='ocrx_word' id='word_1_55' title='bbox 1329 1105 1591 1148; x_wconf 81' lang='lat' dir='ltr'><strong>occasus</strong></span> <span class='ocrx_word' id='word_1_56' title='bbox 1639 1083 1835 1166; x_wconf 83' lang='lat' dir='ltr'><strong>diem,</strong></span> 
     </span>
    </p>

    <p class='ocr_par' dir='ltr' id='par_1_9' title="bbox 410 1172 2441 1346">
     <span class='ocr_line' id='line_1_11' title="bbox 411 1172 2441 1259; baseline -0.001 -21"><span class='ocrx_word' id='word_1_57' title='bbox 411 1197 537 1259; x_wconf 84' lang='lat' dir='ltr'><strong>pax</strong></span> <span class='ocrx_word' id='word_1_58' title='bbox 586 1178 733 1237; x_wconf 83' lang='lat' dir='ltr'><strong>ante</strong></span> <span class='ocrx_word' id='word_1_59' title='bbox 779 1174 907 1236; x_wconf 87' lang='lat' dir='ltr'><strong>fida</strong></span> <span class='ocrx_word' id='word_1_60' title='bbox 952 1173 1210 1236; x_wconf 81' lang='lat' dir='ltr'><strong>nivibus</strong></span> <span class='ocrx_word' id='word_1_61' title='bbox 1257 1176 1322 1235; x_wconf 85' lang='lat' dir='ltr'><strong>et</strong></span> <span class='ocrx_word' id='word_1_62' title='bbox 1366 1172 1644 1236; x_wconf 85' lang='lat' dir='ltr'><strong>flammis</strong></span> <span class='ocrx_word' id='word_1_63' title='bbox 1690 1173 1812 1237; x_wconf 84' lang='lat' dir='ltr'><strong>erit</strong></span> <span class='ocrx_word' id='word_1_64' title='bbox 2336 1187 2441 1235; x_wconf 79' lang='lat'><strong>375</strong></span> 
     </span>
     <span class='ocr_line' id='line_1_12' title="bbox 410 1259 1925 1346; baseline -0.003 -18"><span class='ocrx_word' id='word_1_65' title='bbox 410 1267 477 1328; x_wconf 87' lang='lat' dir='ltr'><strong>et</strong></span> <span class='ocrx_word' id='word_1_66' title='bbox 523 1261 740 1346; x_wconf 83' lang='lat' dir='ltr'><strong>Scylla</strong></span> <span class='ocrx_word' id='word_1_67' title='bbox 787 1259 1073 1325; x_wconf 85' lang='lat' dir='ltr'><strong>Siculum</strong></span> <span class='ocrx_word' id='word_1_68' title='bbox 1122 1262 1348 1346; x_wconf 85' lang='lat' dir='ltr'><strong>iunget</strong></span> <span class='ocrx_word' id='word_1_69' title='bbox 1388 1259 1680 1324; x_wconf 85' lang='lat' dir='ltr'><strong>Ausonio</strong></span> <span class='ocrx_word' id='word_1_70' title='bbox 1727 1262 1925 1342; x_wconf 81' lang='lat' dir='ltr'><strong>latuS,</strong></span> 
     </span>
    </p>

    <p class='ocr_par' dir='ltr' id='par_1_10' title="bbox 410 1349 1818 1436">
     <span class='ocr_line' id='line_1_13' title="bbox 410 1349 1818 1436; baseline -0.001 -22"><span class='ocrx_word' id='word_1_71' title='bbox 410 1352 717 1436; x_wconf 87' lang='lat' dir='ltr'><strong>priusque</strong></span> <span class='ocrx_word' id='word_1_72' title='bbox 764 1351 971 1414; x_wconf 69' lang='lat' dir='ltr'><strong>multo·</strong></span> <span class='ocrx_word' id='word_1_73' title='bbox 1016 1349 1265 1414; x_wconf 83' lang='lat' dir='ltr'><strong>vicibus</strong></span> <span class='ocrx_word' id='word_1_74' title='bbox 1312 1351 1574 1413; x_wconf 74' lang='lat' dir='ltr'><strong>alternis</strong></span> <span class='ocrx_word' id='word_1_75' title='bbox 1619 1350 1818 1434; x_wconf 82' lang='lat' dir='ltr'><strong>fugax</strong></span> 
     </span>
    </p>

    <p class='ocr_par' dir='ltr' id='par_1_11' title="bbox 412 1437 1748 1524">
     <span class='ocr_line' id='line_1_14' title="bbox 412 1437 1748 1524; baseline -0.001 -20"><span class='ocrx_word' id='word_1_76' title='bbox 412 1439 698 1523; x_wconf 84' lang='lat' dir='ltr'><strong>Euripus</strong></span> <span class='ocrx_word' id='word_1_77' title='bbox 745 1440 917 1503; x_wconf 89' lang='lat' dir='ltr'><strong>unda</strong></span> <span class='ocrx_word' id='word_1_78' title='bbox 963 1439 1161 1502; x_wconf 87' lang='lat' dir='ltr'><strong>stabit</strong></span> <span class='ocrx_word' id='word_1_79' title='bbox 1207 1437 1503 1502; x_wconf 86' lang='lat' dir='ltr'><strong>Euboica</strong></span> <span class='ocrx_word' id='word_1_80' title='bbox 1546 1439 1748 1524; x_wconf 85' lang='lat' dir='ltr'><strong>piger.</strong></span> 
     </span>
    </p>

    <p class='ocr_par' dir='ltr' id='par_1_12' title="bbox 408 1528 1987 1613">
     <span class='ocr_line' id='line_1_15' title="bbox 408 1528 1987 1613; baseline -0.002 -20"><span class='ocrx_word' id='word_1_81' title='bbox 408 1533 660 1613; x_wconf 83' lang='lat' dir='ltr'><strong>patrem</strong></span> <span class='ocrx_word' id='word_1_82' title='bbox 706 1528 1057 1610; x_wconf 81' lang='lat' dir='ltr'><strong>abstulisti,</strong></span> <span class='ocrx_word' id='word_1_83' title='bbox 1103 1548 1327 1612; x_wconf 82' lang='lat' dir='ltr'><strong>regna,</strong></span> <span class='ocrx_word' id='word_1_84' title='bbox 1376 1549 1741 1612; x_wconf 86' lang='lat' dir='ltr'><strong>germanos,</strong></span> <span class='ocrx_word' id='word_1_85' title='bbox 1786 1529 1987 1591; x_wconf 88' lang='lat' dir='ltr'><strong>larem</strong></span> 
     </span>
    </p>

    <p class='ocr_par' dir='ltr' id='par_1_13' title="bbox 409 1615 2443 1791">
     <span class='ocr_line' id='line_1_16' title="bbox 410 1615 2443 1701; baseline -0.002 -19"><span class='ocrx_word' id='word_1_86' title='bbox 410 1618 692 1701; x_wconf 89' lang='lat' dir='ltr'><strong>patrium</strong></span> <span class='ocrx_word' id='word_1_87' title='bbox 729 1655 816 1662; x_wconf 89' lang='lat'><strong>—-</strong></span> <span class='ocrx_word' id='word_1_88' title='bbox 856 1616 1011 1700; x_wconf 89' lang='lat' dir='ltr'><strong>quid</strong></span> <span class='ocrx_word' id='word_1_89' title='bbox 1056 1617 1227 1679; x_wconf 85' lang='lat' dir='ltr'><strong>ultra</strong></span> <span class='ocrx_word' id='word_1_90' title='bbox 1265 1618 1406 1680; x_wconf 80' lang='lat' dir='ltr'><strong>est?</strong></span> <span class='ocrx_word' id='word_1_91' title='bbox 1451 1634 1581 1680; x_wconf 85' lang='lat' dir='ltr'><strong>una</strong></span> <span class='ocrx_word' id='word_1_92' title='bbox 1615 1638 1716 1680; x_wconf 88' lang='lat' dir='ltr'><strong>res</strong></span> <span class='ocrx_word' id='word_1_93' title='bbox 1755 1620 2046 1699; x_wconf 86' lang='lat' dir='ltr'><strong>superest</strong></span> <span class='ocrx_word' id='word_1_94' title='bbox 2082 1615 2244 1678; x_wconf 88' lang='lat' dir='ltr'><strong>mihi</strong></span> <span class='ocrx_word' id='word_1_95' title='bbox 2336 1630 2443 1679; x_wconf 84' lang='lat'><strong>380</strong></span> 
     </span>
     <span class='ocr_line' id='line_1_17' title="bbox 409 1705 1880 1791; baseline -0.001 -21"><span class='ocrx_word' id='word_1_96' title='bbox 409 1707 607 1770; x_wconf 75' lang='lat' dir='ltr'><strong>fratre</strong></span> <span class='ocrx_word' id='word_1_97' title='bbox 654 1727 728 1768; x_wconf 88' lang='lat' dir='ltr'><strong>ac</strong></span> <span class='ocrx_word' id='word_1_98' title='bbox 773 1709 1036 1789; x_wconf 86' lang='lat' dir='ltr'><strong>parente</strong></span> <span class='ocrx_word' id='word_1_99' title='bbox 1084 1705 1306 1788; x_wconf 82' lang='lat' dir='ltr'><strong>carior,</strong></span> <span class='ocrx_word' id='word_1_100' title='bbox 1354 1726 1553 1791; x_wconf 86' lang='lat' dir='ltr'><strong>regno</strong></span> <span class='ocrx_word' id='word_1_101' title='bbox 1602 1725 1677 1768; x_wconf 86' lang='lat' dir='ltr'><strong>ac</strong></span> <span class='ocrx_word' id='word_1_102' title='bbox 1721 1706 1880 1769; x_wconf 85' lang='lat' dir='ltr'><strong>lare:</strong></span> 
     </span>
    </p>

    <p class='ocr_par' dir='ltr' id='par_1_14' title="bbox 411 1793 1899 1877">
     <span class='ocr_line' id='line_1_18' title="bbox 411 1793 1899 1877; baseline -0.002 -18"><span class='ocrx_word' id='word_1_103' title='bbox 411 1796 631 1859; x_wconf 91' lang='lat' dir='ltr'><strong>odium</strong></span> <span class='ocrx_word' id='word_1_104' title='bbox 676 1795 802 1877; x_wconf 82' lang='lat' dir='ltr'><strong>tui,</strong></span> <span class='ocrx_word' id='word_1_105' title='bbox 849 1794 1020 1876; x_wconf 87' lang='lat' dir='ltr'><strong>quod</strong></span> <span class='ocrx_word' id='word_1_106' title='bbox 1068 1816 1204 1857; x_wconf 86' lang='lat' dir='ltr'><strong>esse</strong></span> <span class='ocrx_word' id='word_1_107' title='bbox 1252 1815 1398 1857; x_wconf 89' lang='lat' dir='ltr'><strong>cum</strong></span> <span class='ocrx_word' id='word_1_108' title='bbox 1446 1795 1690 1877; x_wconf 91' lang='lat' dir='ltr'><strong>populo</strong></span> <span class='ocrx_word' id='word_1_109' title='bbox 1738 1793 1899 1856; x_wconf 86' lang='lat' dir='ltr'><strong>mihi</strong></span> 
     </span>
    </p>

    <p class='ocr_par' dir='ltr' id='par_1_15' title="bbox 411 1883 2120 2057">
     <span class='ocr_line' id='line_1_19' title="bbox 412 1883 2120 1966; baseline -0.001 -19"><span class='ocrx_word' id='word_1_110' title='bbox 412 1905 751 1948; x_wconf 88' lang='lat' dir='ltr'><strong>commune</strong></span> <span class='ocrx_word' id='word_1_111' title='bbox 798 1884 1012 1946; x_wconf 89' lang='lat' dir='ltr'><strong>doleo:</strong></span> <span class='ocrx_word' id='word_1_112' title='bbox 1063 1905 1211 1966; x_wconf 89' lang='lat' dir='ltr'><strong>pars</strong></span> <span class='ocrx_word' id='word_1_113' title='bbox 1261 1886 1460 1965; x_wconf 87' lang='lat' dir='ltr'><strong>quota</strong></span> <span class='ocrx_word' id='word_1_114' title='bbox 1506 1905 1584 1946; x_wconf 84' lang='lat' dir='ltr'><strong>ex</strong></span> <span class='ocrx_word' id='word_1_115' title='bbox 1632 1884 1745 1947; x_wconf 91' lang='lat' dir='ltr'><strong>illo</strong></span> <span class='ocrx_word' id='word_1_116' title='bbox 1793 1905 1936 1946; x_wconf 91' lang='lat' dir='ltr'><strong>mea</strong></span> <span class='ocrx_word' id='word_1_117' title='bbox 1982 1883 2120 1946; x_wconf 79' lang='lat' dir='ltr'><strong>est?</strong></span> 
     </span>
     <span class='ocr_line' id='line_1_20' title="bbox 411 1971 1845 2057; baseline 0 -23"><span class='ocrx_word' id='word_1_118' title='bbox 411 1972 739 2035; x_wconf 89' lang='lat' dir='ltr'><strong>dominare</strong></span> <span class='ocrx_word' id='word_1_119' title='bbox 786 1971 1099 2054; x_wconf 87' lang='lat' dir='ltr'><strong>tumidus,</strong></span> <span class='ocrx_word' id='word_1_120' title='bbox 1146 1972 1411 2054; x_wconf 86' lang='lat' dir='ltr'><strong>spiritus</strong></span> <span class='ocrx_word' id='word_1_121' title='bbox 1459 1972 1625 2034; x_wconf 89' lang='lat' dir='ltr'><strong>altos</strong></span> <span class='ocrx_word' id='word_1_122' title='bbox 1673 1993 1845 2057; x_wconf 81' lang='lat' dir='ltr'><strong>gere:</strong></span> 
     </span>
    </p>

    <p class='ocr_par' dir='ltr' id='par_1_16' title="bbox 412 2062 2443 2234">
     <span class='ocr_line' id='line_1_21' title="bbox 412 2062 2443 2146; baseline -0.001 -20"><span class='ocrx_word' id='word_1_123' title='bbox 412 2062 706 2143; x_wconf 87' lang='lat' dir='ltr'><strong>sequitur</strong></span> <span class='ocrx_word' id='word_1_124' title='bbox 751 2062 1061 2145; x_wconf 88' lang='lat' dir='ltr'><strong>superbos</strong></span> <span class='ocrx_word' id='word_1_125' title='bbox 1108 2062 1282 2125; x_wconf 86' lang='lat' dir='ltr'><strong>ultor</strong></span> <span class='ocrx_word' id='word_1_126' title='bbox 1328 2083 1366 2123; x_wconf 86' lang='lat' dir='ltr'><strong>a</strong></span> <span class='ocrx_word' id='word_1_127' title='bbox 1410 2065 1594 2146; x_wconf 86' lang='lat' dir='ltr'><strong>tergo</strong></span> <span class='ocrx_word' id='word_1_128' title='bbox 1643 2062 1815 2125; x_wconf 87' lang='lat' dir='ltr'><strong>deus.</strong></span> <span class='ocrx_word' id='word_1_129' title='bbox 2041 2065 2045 2069; x_wconf 80' lang='grc'><em>’</em></span> <span class='ocrx_word' id='word_1_130' title='bbox 2337 2075 2443 2124; x_wconf 74' lang='grc'><strong>386</strong></span> 
     </span>
     <span class='ocr_line' id='line_1_22' title="bbox 415 2149 2043 2234; baseline 0.001 -22"><span class='ocrx_word' id='word_1_131' title='bbox 415 2149 722 2213; x_wconf 87' lang='lat' dir='ltr'><strong>Thebana</strong></span> <span class='ocrx_word' id='word_1_132' title='bbox 765 2151 918 2213; x_wconf 80' lang='lat' dir='ltr'><strong>novi</strong></span> <span class='ocrx_word' id='word_1_133' title='bbox 963 2170 1186 2234; x_wconf 85' lang='lat' dir='ltr'><strong>regna:</strong></span> <span class='ocrx_word' id='word_1_134' title='bbox 1235 2149 1391 2232; x_wconf 92' lang='lat' dir='ltr'><strong>quid</strong></span> <span class='ocrx_word' id='word_1_135' title='bbox 1437 2153 1671 2213; x_wconf 85' lang='lat' dir='ltr'><strong>matres</strong></span> <span class='ocrx_word' id='word_1_136' title='bbox 1716 2152 1947 2233; x_wconf 87' lang='lat' dir='ltr'><strong>loquar</strong></span> <span class='ocrx_word' id='word_1_137' title='bbox 2040 2196 2043 2201; x_wconf 91' lang='lat'>-</span> 
     </span>
    </p>

    <p class='ocr_par' dir='ltr' id='par_1_17' title="bbox 412 2238 2103 2411">
     <span class='ocr_line' id='line_1_23' title="bbox 412 2238 2103 2324; baseline 0.001 -23"><span class='ocrx_word' id='word_1_138' title='bbox 412 2260 632 2321; x_wconf 84' lang='lat' dir='ltr'><strong>passas</strong></span> <span class='ocrx_word' id='word_1_139' title='bbox 679 2241 742 2300; x_wconf 82' lang='lat' dir='ltr'><strong>et</strong></span> <span class='ocrx_word' id='word_1_140' title='bbox 788 2259 974 2302; x_wconf 83' lang='lat' dir='ltr'><strong>ausas</strong></span> <span class='ocrx_word' id='word_1_141' title='bbox 1021 2239 1301 2302; x_wconf 81' lang='lat' dir='ltr'><strong>scelera?</strong></span> <span class='ocrx_word' id='word_1_142' title='bbox 1351 2238 1506 2320; x_wconf 90' lang='lat' dir='ltr'><strong>quid</strong></span> <span class='ocrx_word' id='word_1_143' title='bbox 1547 2240 1879 2324; x_wconf 83' lang='lat' dir='ltr'><strong>geminum</strong></span> <span class='ocrx_word' id='word_1_144' title='bbox 1925 2239 2103 2302; x_wconf 87' lang='lat' dir='ltr'><strong>nefas</strong></span> 
     </span>
     <span class='ocr_line' id='line_1_24' title="bbox 415 2328 1968 2411; baseline 0.001 -22"><span class='ocrx_word' id='word_1_145' title='bbox 415 2328 820 2409; x_wconf 85' lang='lat' dir='ltr'><strong>mixtumque</strong></span> <span class='ocrx_word' id='word_1_146' title='bbox 865 2348 1102 2391; x_wconf 90' lang='lat' dir='ltr'><strong>nomen</strong></span> <span class='ocrx_word' id='word_1_147' title='bbox 1148 2328 1443 2411; x_wconf 86' lang='lat' dir='ltr'><strong>coniugis</strong></span> <span class='ocrx_word' id='word_1_148' title='bbox 1490 2329 1627 2390; x_wconf 82' lang='lat' dir='ltr'><strong>nati</strong></span> <span class='ocrx_word' id='word_1_149' title='bbox 1673 2329 1917 2411; x_wconf 80' lang='lat' dir='ltr'><strong>patris?</strong></span> <span class='ocrx_word' id='word_1_150' title='bbox 1965 2351 1968 2354; x_wconf 48' lang='lat'><strong><em>¹</em></strong></span> 
     </span>
    </p>

    <p class='ocr_par' dir='ltr' id='par_1_18' title="bbox 414 2414 2187 2500">
     <span class='ocr_line' id='line_1_25' title="bbox 414 2414 2187 2500; baseline 0 -22"><span class='ocrx_word' id='word_1_151' title='bbox 414 2416 570 2499; x_wconf 88' lang='lat' dir='ltr'><strong>quid</strong></span> <span class='ocrx_word' id='word_1_152' title='bbox 615 2414 767 2478; x_wconf 88' lang='lat' dir='ltr'><strong>bina</strong></span> <span class='ocrx_word' id='word_1_153' title='bbox 810 2415 1082 2478; x_wconf 79' lang='lat' dir='ltr'><strong>fratrum</strong></span> <span class='ocrx_word' id='word_1_154' title='bbox 1132 2417 1384 2479; x_wconf 76' lang='lat' dir='ltr'><strong>castra?</strong></span> <span class='ocrx_word' id='word_1_155' title='bbox 1434 2416 1587 2499; x_wconf 88' lang='lat' dir='ltr'><strong>quid</strong></span> <span class='ocrx_word' id='word_1_156' title='bbox 1632 2416 1901 2480; x_wconf 85' lang='lat' dir='ltr'><strong>totidem</strong></span> <span class='ocrx_word' id='word_1_157' title='bbox 1947 2415 2187 2500; x_wconf 76' lang='lat' dir='ltr'><strong>rogos?</strong></span> 
     </span>
    </p>

    <p class='ocr_par' dir='ltr' id='par_1_19' title="bbox 411 2502 2442 2678">
     <span class='ocr_line' id='line_1_26' title="bbox 411 2502 2442 2588; baseline 0 -21"><span class='ocrx_word' id='word_1_158' title='bbox 411 2504 581 2588; x_wconf 86' lang='lat' dir='ltr'><strong>riget</strong></span> <span class='ocrx_word' id='word_1_159' title='bbox 627 2502 903 2586; x_wconf 86' lang='lat' dir='ltr'><strong>superba</strong></span> <span class='ocrx_word' id='word_1_160' title='bbox 949 2502 1236 2567; x_wconf 85' lang='lat' dir='ltr'><strong>Tantalis</strong></span> <span class='ocrx_word' id='word_1_161' title='bbox 1283 2503 1464 2568; x_wconf 87' lang='lat' dir='ltr'><strong>luctu</strong></span> <span class='ocrx_word' id='word_1_162' title='bbox 1510 2526 1742 2587; x_wconf 87' lang='lat' dir='ltr'><strong>parens</strong></span> <span class='ocrx_word' id='word_1_163' title='bbox 2297 2551 2300 2554; x_wconf 17' lang='grc' dir='ltr'>η</span> <span class='ocrx_word' id='word_1_164' title='bbox 2338 2518 2442 2567; x_wconf 77' lang='lat'><strong>390</strong></span> 
     </span>
     <span class='ocr_line' id='line_1_27' title="bbox 412 2590 2041 2693; baseline 0 -38"><span class='ocrx_word' id='word_1_165' title='bbox 412 2596 821 2693; x_wconf 83' lang='lat' dir='ltr'><strong>maestusque</strong></span> <span class='ocrx_word' id='word_1_166' title='bbox 866 2590 1151 2678; x_wconf 81' lang='lat' dir='ltr'><strong>Phrygio</strong></span> <span class='ocrx_word' id='word_1_167' title='bbox 1199 2597 1419 2656; x_wconf 86' lang='lat' dir='ltr'><strong>manat</strong></span> <span class='ocrx_word' id='word_1_168' title='bbox 1463 2594 1532 2656; x_wconf 90' lang='lat' dir='ltr'><strong>in</strong></span> <span class='ocrx_word' id='word_1_169' title='bbox 1580 2590 1805 2676; x_wconf 84' lang='lat' dir='ltr'><strong>Sipylo</strong></span> <span class='ocrx_word' id='word_1_170' title='bbox 1852 2594 2041 2676; x_wconf 81' lang='lat' dir='ltr'><strong>lapis</strong></span> 
     </span>
    </p>

    <p class='ocr_par' dir='ltr' id='par_1_20' title="bbox 415 2682 1927 2771">
     <span class='ocr_line' id='line_1_28' title="bbox 415 2682 1927 2771; baseline -0.001 -27"><span class='ocrx_word' id='word_1_171' title='bbox 415 2682 575 2764; x_wconf 91' lang='lat' dir='ltr'><strong>quin</strong></span> <span class='ocrx_word' id='word_1_172' title='bbox 619 2682 758 2763; x_wconf 87' lang='lat' dir='ltr'><strong>ipse</strong></span> <span class='ocrx_word' id='word_1_173' title='bbox 804 2685 1061 2745; x_wconf 84' lang='lat' dir='ltr'><strong>torvum</strong></span> <span class='ocrx_word' id='word_1_174' title='bbox 1109 2682 1447 2766; x_wconf 84' lang='lat' dir='ltr'><strong>subrigens</strong></span> <span class='ocrx_word' id='word_1_175' title='bbox 1495 2682 1688 2771; x_wconf 84' lang='lat' dir='ltr'><strong>crista</strong></span> <span class='ocrx_word' id='word_1_176' title='bbox 1734 2684 1927 2765; x_wconf 76' lang='lat' dir='ltr'><strong>cap-ut</strong></span> 
     </span>
    </p>

    <p class='ocr_par' dir='ltr' id='par_1_21' title="bbox 416 2767 1866 2855">
     <span class='ocr_line' id='line_1_29' title="bbox 416 2767 1866 2855; baseline 0 -22"><span class='ocrx_word' id='word_1_177' title='bbox 416 2767 675 2852; x_wconf 86' lang='lat' dir='ltr'><strong>Illyrica</strong></span> <span class='ocrx_word' id='word_1_178' title='bbox 721 2767 997 2833; x_wconf 84' lang='lat' dir='ltr'><strong>Cadmus</strong></span> <span class='ocrx_word' id='word_1_179' title='bbox 1042 2792 1242 2855; x_wconf 86' lang='lat' dir='ltr'><strong>regna</strong></span> <span class='ocrx_word' id='word_1_180' title='bbox 1286 2767 1664 2854; x_wconf 85' lang='lat' dir='ltr'><strong>permensus</strong></span> <span class='ocrx_word' id='word_1_181' title='bbox 1708 2771 1866 2855; x_wconf 86' lang='lat' dir='ltr'><strong>fuga</strong></span> 
     </span>
    </p>

    <p class='ocr_par' dir='ltr' id='par_1_22' title="bbox 412 2858 1775 2943">
     <span class='ocr_line' id='line_1_30' title="bbox 412 2858 1775 2943; baseline 0.001 -22"><span class='ocrx_word' id='word_1_182' title='bbox 412 2859 643 2943; x_wconf 85' lang='lat' dir='ltr'><strong>longas</strong></span> <span class='ocrx_word' id='word_1_183' title='bbox 688 2858 953 2940; x_wconf 88' lang='lat' dir='ltr'><strong>reliquit</strong></span> <span class='ocrx_word' id='word_1_184' title='bbox 1000 2859 1286 2941; x_wconf 88' lang='lat' dir='ltr'><strong>corporis</strong></span> <span class='ocrx_word' id='word_1_185' title='bbox 1329 2858 1525 2924; x_wconf 83' lang='lat' dir='ltr'><strong>tracti</strong></span> <span class='ocrx_word' id='word_1_186' title='bbox 1569 2862 1775 2923; x_wconf 84' lang='lat' dir='ltr'><strong>notas</strong></span> 
     </span>
    </p>

    <p class='ocr_par' dir='ltr' id='par_1_23' title="bbox 412 2947 2437 3121">
     <span class='ocr_line' id='line_1_31' title="bbox 412 2947 2437 3031; baseline -0 -21"><span class='ocrx_word' id='word_1_187' title='bbox 412 2947 571 3011; x_wconf 89' lang='lat' dir='ltr'><strong>haec</strong></span> <span class='ocrx_word' id='word_1_188' title='bbox 615 2950 679 3009; x_wconf 87' lang='lat' dir='ltr'><strong>te</strong></span> <span class='ocrx_word' id='word_1_189' title='bbox 727 2951 988 3010; x_wconf 87' lang='lat' dir='ltr'><strong>manent</strong></span> <span class='ocrx_word' id='word_1_190' title='bbox 1032 2949 1349 3031; x_wconf 86' lang='lat' dir='ltr'><strong>exempla.</strong></span> <span class='ocrx_word' id='word_1_191' title='bbox 1397 2948 1725 3012; x_wconf 85' lang='lat' dir='ltr'><strong>dominare</strong></span> <span class='ocrx_word' id='word_1_192' title='bbox 1771 2951 1846 3011; x_wconf 87' lang='lat' dir='ltr'><strong>ut</strong></span> <span class='ocrx_word' id='word_1_193' title='bbox 1888 2948 2077 3030; x_wconf 85' lang='lat' dir='ltr'><strong>libet,</strong></span> <span class='ocrx_word' id='word_1_194' title='bbox 2333 2962 2437 3009; x_wconf 84' lang='lat'><strong>395</strong></span> 
     </span>
     <span class='ocr_line' id='line_1_32' title="bbox 415 3036 1853 3121; baseline 0.001 -23"><span class='ocrx_word' id='word_1_195' title='bbox 415 3036 568 3099; x_wconf 90' lang='lat' dir='ltr'><strong>dum</strong></span> <span class='ocrx_word' id='word_1_196' title='bbox 617 3036 808 3099; x_wconf 84' lang='lat' dir='ltr'><strong>solita</strong></span> <span class='ocrx_word' id='word_1_197' title='bbox 851 3037 1034 3121; x_wconf 85' lang='lat' dir='ltr'><strong>regni</strong></span> <span class='ocrx_word' id='word_1_198' title='bbox 1077 3036 1212 3099; x_wconf 82' lang='lat' dir='ltr'><strong>fata</strong></span> <span class='ocrx_word' id='word_1_199' title='bbox 1257 3039 1322 3099; x_wconf 90' lang='lat' dir='ltr'><strong>te</strong></span> <span class='ocrx_word' id='word_1_200' title='bbox 1367 3037 1576 3100; x_wconf 87' lang='lat' dir='ltr'><strong>nostri</strong></span> <span class='ocrx_word' id='word_1_201' title='bbox 1620 3039 1853 3101; x_wconf 86' lang='lat' dir='ltr'><strong>vocent</strong></span> 
     </span>
    </p>
   </div>
   <div class='ocr_carea' id='block_1_3' title="bbox 415 3227 2447 3651">
    <p class='ocr_par' dir='ltr' id='par_1_24' title="bbox 415 3227 2447 3651">
     <span class='ocr_line' id='line_1_33' title="bbox 557 3227 2436 3297; baseline 0 -18"><span class='ocrx_word' id='word_1_202' title='bbox 557 3232 660 3279; x_wconf 70' lang='lat'><strong>368</strong></span> <span class='ocrx_word' id='word_1_203' title='bbox 697 3227 914 3279; x_wconf 85' lang='lat' dir='ltr'><strong>reduci:</strong></span> <span class='ocrx_word' id='word_1_204' title='bbox 955 3227 975 3279; x_wconf 88' lang='lat' dir='ltr'><strong>i</strong></span> <span class='ocrx_word' id='word_1_205' title='bbox 1012 3228 1047 3279; x_wconf 73' lang='lat' dir='ltr'><strong>i.</strong></span> <span class='ocrx_word' id='word_1_206' title='bbox 1079 3244 1186 3281; x_wconf 79' lang='lat' dir='ltr'><strong>ras.</strong></span> <span class='ocrx_word' id='word_1_207' title='bbox 1228 3231 1262 3280; x_wconf 88' lang='lat'><em>3</em></span> <span class='ocrx_word' id='word_1_208' title='bbox 1298 3229 1401 3282; x_wconf 70' lang='lat' dir='ltr'><strong>litt.</strong></span> <span class='ocrx_word' id='word_1_209' title='bbox 1440 3235 1483 3280; x_wconf 77' lang='grc' dir='ltr'><strong>Ε</strong></span> <span class='ocrx_word' id='word_1_210' title='bbox 1538 3228 1802 3286; x_wconf 84' lang='lat' dir='ltr'><strong>reducere</strong></span> <span class='ocrx_word' id='word_1_211' title='bbox 1842 3233 1901 3283; x_wconf 90' lang='grc' dir='ltr'><strong><em>Σ</em></strong></span> <span class='ocrx_word' id='word_1_212' title='bbox 1947 3231 1965 3297; x_wconf 71' lang='lat' dir='ltr'><strong>u</strong></span> <span class='ocrx_word' id='word_1_213' title='bbox 2021 3234 2126 3281; x_wconf 77' lang='lat'><strong>370</strong></span> <span class='ocrx_word' id='word_1_214' title='bbox 2164 3227 2436 3281; x_wconf 86' lang='lat' dir='ltr'><strong>sociemus</strong></span> 
     </span>
     <span class='ocr_line' id='line_1_34' title="bbox 415 3297 2444 3380; baseline 0 -29"><span class='ocrx_word' id='word_1_215' title='bbox 415 3299 632 3351; x_wconf 82' lang='lat' dir='ltr'><strong>animos</strong></span> <span class='ocrx_word' id='word_1_216' title='bbox 670 3297 798 3349; x_wconf 56' lang='grc' dir='ltr'><strong>ΔΕ*</strong></span> <span class='ocrx_word' id='word_1_217' title='bbox 858 3300 877 3365; x_wconf 75' lang='grc' dir='ltr'><strong>Η</strong></span> <span class='ocrx_word' id='word_1_218' title='bbox 941 3302 1043 3350; x_wconf 78' lang='grc'><strong>877</strong></span> <span class='ocrx_word' id='word_1_219' title='bbox 1081 3298 1351 3367; x_wconf 81' lang='lat' dir='ltr'><strong>priusque</strong></span> <span class='ocrx_word' id='word_1_220' title='bbox 1396 3299 1456 3351; x_wconf 90' lang='lat' dir='ltr'><strong>in</strong></span> <span class='ocrx_word' id='word_1_221' title='bbox 1503 3298 1619 3352; x_wconf 82' lang='lat' dir='ltr'><strong>alto</strong></span> <span class='ocrx_word' id='word_1_222' title='bbox 1664 3301 1768 3368; x_wconf 79' lang='lat' dir='ltr'><strong>(vel</strong></span> <span class='ocrx_word' id='word_1_223' title='bbox 1812 3297 1873 3351; x_wconf 88' lang='lat' dir='ltr'><strong>in</strong></span> <span class='ocrx_word' id='word_1_224' title='bbox 1916 3299 2116 3368; x_wconf 83' lang='lat' dir='ltr'><strong>altum)</strong></span> <span class='ocrx_word' id='word_1_225' title='bbox 2155 3299 2387 3380; x_wconf 74' lang='lat' dir='ltr'><strong>Bentley</strong></span> <span class='ocrx_word' id='word_1_226' title='bbox 2424 3299 2444 3369; x_wconf 80' lang='grc' dir='ltr'><strong>ΙΙ</strong></span> 
     </span>
     <span class='ocr_line' id='line_1_35' title="bbox 417 3368 2443 3452; baseline 0.001 -32"><span class='ocrx_word' id='word_1_227' title='bbox 417 3373 521 3420; x_wconf 81' lang='grc'><strong>380</strong></span> <span class='ocrx_word' id='word_1_228' title='bbox 557 3368 804 3437; x_wconf 76' lang='lat' dir='ltr'><strong>patriam</strong></span> <span class='ocrx_word' id='word_1_229' title='bbox 841 3386 896 3421; x_wconf 89' lang='grc' dir='ltr'>ω</span> <span class='ocrx_word' id='word_1_230' title='bbox 932 3386 1068 3424; x_wconf 78' lang='lat' dir='ltr'><strong>corr</strong></span> <span class='ocrx_word' id='word_1_231' title='bbox 1104 3370 1373 3424; x_wconf 52' lang='lat' dir='ltr'><strong>Buta-helem·</strong></span> <span class='ocrx_word' id='word_1_232' title='bbox 1414 3369 1420 3440; x_wconf 91' lang='grc' dir='ltr'>Ι</span> <span class='ocrx_word' id='word_1_233' title='bbox 1461 3370 1613 3423; x_wconf 84' lang='lat' dir='ltr'><strong>ultra</strong></span> <span class='ocrx_word' id='word_1_234' title='bbox 1645 3372 1769 3440; x_wconf 86' lang='lat' dir='ltr'><strong>(om.</strong></span> <span class='ocrx_word' id='word_1_235' title='bbox 1802 3372 1907 3452; x_wconf 82' lang='lat' dir='ltr'><strong>est)</strong></span> <span class='ocrx_word' id='word_1_236' title='bbox 1936 3376 2010 3422; x_wconf 68' lang='grc' dir='ltr'><strong>Δτ</strong></span> <span class='ocrx_word' id='word_1_237' title='bbox 2044 3372 2062 3438; x_wconf 78' lang='lat' dir='ltr'>u</span> <span class='ocrx_word' id='word_1_238' title='bbox 2091 3375 2193 3423; x_wconf 72' lang='grc'><strong>883</strong></span> <span class='ocrx_word' id='word_1_239' title='bbox 2223 3385 2293 3422; x_wconf 84' lang='lat' dir='ltr'><strong>ex</strong></span> <span class='ocrx_word' id='word_1_240' title='bbox 2328 3369 2443 3423; x_wconf 82' lang='lat' dir='ltr'><strong>ista</strong></span> 
     </span>
     <span class='ocr_line' id='line_1_36' title="bbox 415 3439 2439 3510; baseline 0 -18"><span class='ocrx_word' id='word_1_241' title='bbox 415 3440 622 3508; x_wconf 59' lang='lat' dir='ltr'><strong>(Trea.-</strong></span> <span class='ocrx_word' id='word_1_242' title='bbox 658 3456 729 3493; x_wconf 79' lang='lat' dir='ltr'><strong>sc</strong></span> <span class='ocrx_word' id='word_1_243' title='bbox 767 3442 847 3507; x_wconf 86' lang='lat' dir='ltr'><strong>re)</strong></span> <span class='ocrx_word' id='word_1_244' title='bbox 885 3444 957 3490; x_wconf 79' lang='grc' dir='ltr'><strong>Δτ</strong></span> <span class='ocrx_word' id='word_1_245' title='bbox 993 3455 1062 3492; x_wconf 84' lang='lat' dir='ltr'><strong>ex</strong></span> <span class='ocrx_word' id='word_1_246' title='bbox 1096 3439 1207 3494; x_wconf 82' lang='lat' dir='ltr'><strong>isto</strong></span> <span class='ocrx_word' id='word_1_247' title='bbox 1235 3439 1375 3506; x_wconf 58' lang='lat'><strong>*9¹3²</strong></span> <span class='ocrx_word' id='word_1_248' title='bbox 1411 3442 1498 3509; x_wconf 81' lang='lat' dir='ltr'><strong>(ex</strong></span> <span class='ocrx_word' id='word_1_249' title='bbox 1533 3440 1657 3510; x_wconf 84' lang='lat' dir='ltr'><strong>illo)</strong></span> <span class='ocrx_word' id='word_1_250' title='bbox 1694 3440 1866 3495; x_wconf 87' lang='lat' dir='ltr'><strong>exitio</strong></span> <span class='ocrx_word' id='word_1_251' title='bbox 1897 3444 1997 3507; x_wconf 67' lang='grc' dir='ltr'><strong>Ση</strong></span> <span class='ocrx_word' id='word_1_252' title='bbox 2025 3446 2128 3493; x_wconf 79' lang='grc'><strong>385</strong></span> <span class='ocrx_word' id='word_1_253' title='bbox 2168 3441 2439 3509; x_wconf 80' lang='lat' dir='ltr'><strong>superbos</strong></span> 
     </span>
     <span class='ocr_line' id='line_1_37' title="bbox 416 3510 2447 3580; baseline 0.002 -18"><span class='ocrx_word' id='word_1_254' title='bbox 416 3510 599 3563; x_wconf 80' lang='lat' dir='ltr'><strong>uictor</strong></span> <span class='ocrx_word' id='word_1_255' title='bbox 634 3515 733 3562; x_wconf 80' lang='grc' dir='ltr'><strong>ΕΔ</strong></span> <span class='ocrx_word' id='word_1_256' title='bbox 766 3521 988 3574; x_wconf 64' lang='lat' dir='ltr'><strong>corr-¹1²</strong></span> <span class='ocrx_word' id='word_1_257' title='bbox 1017 3513 1168 3579; x_wconf 80' lang='grc'><strong>11390</strong></span> <span class='ocrx_word' id='word_1_258' title='bbox 1206 3510 1445 3579; x_wconf 85' lang='lat' dir='ltr'><strong>superbo</strong></span> <span class='ocrx_word' id='word_1_259' title='bbox 1487 3511 1651 3567; x_wconf 79' lang='lat' dir='ltr'><strong>Grote</strong></span> <span class='ocrx_word' id='word_1_260' title='bbox 1696 3513 1766 3578; x_wconf 80' lang='lat' dir='ltr'><strong>cf.</strong></span> <span class='ocrx_word' id='word_1_261' title='bbox 1798 3513 1934 3567; x_wconf 80' lang='lat' dir='ltr'><strong>Stat.</strong></span> <span class='ocrx_word' id='word_1_262' title='bbox 1974 3514 2136 3567; x_wconf 78' lang='lat' dir='ltr'><strong><em>Theb.</em></strong></span> <span class='ocrx_word' id='word_1_263' title='bbox 2163 3513 2266 3566; x_wconf 87' lang='lat' dir='ltr'><strong>IV</strong></span> <span class='ocrx_word' id='word_1_264' title='bbox 2286 3515 2399 3566; x_wconf 86' lang='grc'><strong>576</strong></span> <span class='ocrx_word' id='word_1_265' title='bbox 2428 3515 2447 3580; x_wconf 79' lang='grc' dir='ltr'><strong>ΙΙ</strong></span> 
     </span>
     <span class='ocr_line' id='line_1_38' title="bbox 417 3580 1831 3651; baseline 0.004 -18"><span class='ocrx_word' id='word_1_266' title='bbox 417 3585 524 3633; x_wconf 79' lang='lat'><strong>292</strong></span> <span class='ocrx_word' id='word_1_267' title='bbox 562 3581 698 3647; x_wconf 89' lang='lat' dir='ltr'><strong>quin</strong></span> <span class='ocrx_word' id='word_1_268' title='bbox 736 3598 802 3635; x_wconf 75' lang='lat' dir='ltr'><strong>ex</strong></span> <span class='ocrx_word' id='word_1_269' title='bbox 839 3580 996 3647; x_wconf 91' lang='lat' dir='ltr'><strong>quim</strong></span> <span class='ocrx_word' id='word_1_270' title='bbox 1032 3581 1148 3650; x_wconf 71' lang='lat'>1:²11</span> <span class='ocrx_word' id='word_1_271' title='bbox 1177 3587 1462 3634; x_wconf 65' lang='lat' dir='ltr'><strong>soz—394</strong></span> <span class='ocrx_word' id='word_1_272' title='bbox 1499 3584 1599 3636; x_wconf 81' lang='lat' dir='ltr'><strong>del.</strong></span> <span class='ocrx_word' id='word_1_273' title='bbox 1606 3585 1831 3651; x_wconf 65' lang='lat' dir='ltr'><strong>Peiper</strong></span> 
     </span>
    </p>
   </div>
  </div>
 </body>
</html>
