2658 4117
866 264 1246 319 HERCVLES
1285 265 1665 339 [OETAEVS]
2149 270 2279 335 335

250 412 467 472 tamen
512 431 627 491 per
670 409 842 492 ipsas
886 410 1097 495 fulget
1141 432 1479 476 aerumnas
1528 413 1716 477 decor

249 494 540 580 nihilque
588 498 667 562 ab
715 498 829 561 illa
876 520 1060 563 casus
1108 502 1173 562 et
1216 499 1424 563 fatum
1471 524 1663 586 grave

249 586 375 648 m'si
418 608 620 671 regna
663 588 878 651 traxit.
970 586 1077 649 hic
1121 610 1339 652 meum
1385 592 1608 672 pectus
1655 591 1866 676 timor,
2174 607 2276 655 395

250 674 471 757 altrix,
516 675 800 758 lacessit,
845 675 952 739 hic
996 676 1169 759 rapit
1216 699 1476 742 somnos
1522 700 1738 761 pavor.

251 764 577 846 praeclara
620 765 778 827 totis
826 765 1127 849 gentibus
1174 766 1456 829 coniunx
1502 789 1674 830 eram

251 852 701 936 thalamosque
743 856 999 917 nostros
1046 854 1265 918 invido
1312 857 1467 919 voto
1514 878 1712 919 nurus

251 941 518 1024 optabat
564 942 800 1025 omnis,
849 964 1090 1025 quaeve
1136 966 1315 1007 mens
1366 945 1710 1027 quicquam
1760 946 1910 1009 deos

249 1029 474 1093 orabat
519 1031 713 1095 ullos:
759 1032 1029 1095 nuribus
1066 1029 1391 1117 Argolicis
1437 1033 1533 1096 fui
2172 1050 2276 1099 400

247 1137 549 1182 mensura
593 1119 748 1183 voti.
842 1142 1031 1203 quem
1079 1119 1220 1184 Iovi
1267 1142 1560 1185 socerum
1606 1144 1853 1204 parem,

246 1207 466 1290 altrix,
512 1206 807 1272 habebo?
857 1209 999 1291 quis
1047 1209 1166 1272 sub
1214 1209 1340 1273 hoc
1386 1211 1623 1274 mundo
1671 1211 1833 1273 mihi

247 1295 506 1359 dabitur
550 1297 863 1361 maritus?
909 1298 1073 1380 ipse,
1120 1298 1233 1379 qui
1268 1295 1532 1362 Alcidae
1580 1299 1878 1381 imperat,

245 1383 496 1449 facibus
543 1386 676 1449 suis
724 1408 825 1449 me
871 1386 1099 1469 iungat
1143 1385 1545 1469 Eurystheus
1592 1388 1769 1470 licet,

247 1474 460 1537 minus
508 1476 631 1557 est3
677 1475 837 1538 toris
884 1476 1161 1539 caruisse
1205 1477 1536 1560 regnantis
1582 1477 1722 1540 leve
1769 1475 1903 1562 est:}
2170 1493 2273 1540 405

247 1562 374 1626 alte
421 1562 535 1626 illa
581 1562 809 1627 cecidit
856 1584 1019 1645 quae
1066 1564 1204 1627 viro
1253 1568 1426 1628 caret
1471 1563 1766 1629 Hercule.

246 1668 406 1714 Nv'r.
455 1648 775 1715 Conciliat
821 1651 1068 1715 animos
1117 1653 1467 1737 coniugum
1513 1657 1735 1733 partus
1781 1653 1930 1716 fere.

247 1756 386 1801 DEI.
434 1738 562 1803 Hic
606 1739 744 1822 ipse
789 1740 1009 1803 forsan
1055 1739 1296 1803 dividet
1342 1743 1564 1823 partus
1610 1745 1803 1805 toros.

246 1845 407 1890 NVT.
453 1825 724 1890 Famula
770 1827 882 1891 illa
926 1827 1204 1891 trahitur
1249 1828 1508 1892 interim
1557 1830 1795 1894 donum
1840 1830 1980 1893 tibi.

248 1932 389 1979 DEI.
437 1913 565 1979 Hic
611 1937 802 1998 quem
848 1938 963 2000 per
1006 1917 1197 1981 urbes
1245 1918 1337 1980 ire
1383 1919 1778 2001 praeclarum
1825 1918 2012 1982 vides·
2168 1935 2275 1983 410

249 2007 314 2068 et
358 2002 538 2068 fulva
583 2007 766 2090 tergo
814 2005 1020 2088 spolia
1068 2008 1427 2091 gestantem
1472 2006 1670 2090 ferae,

249 2093 361 2176 qui
406 2115 607 2179 regna
651 2095 902 2158 miseris
948 2094 1147 2158 donat
1193 2099 1256 2158 et
1303 2096 1489 2160 celsis
1537 2097 1732 2179 rapit,

246 2185 429 2246 vasta
473 2187 774 2267 gravatus
821 2182 1148 2247 horridam
1196 2185 1377 2247 clava
1420 2207 1710 2267 manum,

246 2272 427 2336 cuius
474 2272 839 2354 triumphos
887 2272 1101 2335 ultimi
1148 2269 1331 2335 Seres
1379 2275 1618 2336 canunt

247 2364 312 2423 et
358 2360 649 2443 quisquis
697 2361 862 2425 alius
910 2360 1063 2424 orbe
1109 2361 1469 2444 †concepto
1517 2362 1708 2443 iacet,
2168 2377 2271 2425 415

246 2448 410 2511 levis
458 2453 555 2512 est
598 2470 718 2512 nec
763 2450 949 2513 illum
999 2449 1241 2534 gloriae
1289 2450 1580 2513 stimulat
1626 2451 1839 2534 decor3

246 2540 415 2599 errat
459 2558 575 2617 per
620 2537 867 2619 orbem,
912 2559 1045 2601 non
1089 2542 1164 2601 ut
1211 2541 1520 2621 aequetur
1564 2536 1703 2602 Iovi

243 2645 363 2687 nec
408 2628 482 2687 ut
526 2646 642 2706 per
685 2626 876 2689 urbes
922 2648 1196 2711 magnus
1232 2623 1573 2711 Argolicas
1619 2631 1746 2690 eat:

245 2711 420 2794 quod
464 2717 636 2776 amet
678 2714 974 2797 requirit,
1016 2716 1343 2799 virginum
1389 2714 1708 2779 thalamos
1755 2716 1934 2798 petit.

249 2801 304 2863 si
353 2822 481 2883 qua
526 2805 622 2864 est
666 2806 926 2887 negata,
970 2804 1244 2887 rapitur3
1293 2803 1364 2867 in
1408 2805 1685 2887 populos
1731 2804 1916 2885 furit,
2168 2820 2271 2868 420

244 2893 480 2971 nuptas
525 2890 729 2954 ruinis
776 2892 1026 2974 quaerit
1073 2896 1137 2955 et
1181 2893 1413 2956 vitium
1462 2894 1783 2975 impotens

389 3051 492 3098 395
530 3045 662 3100 hinc
694 3051 737 3098 A
763 3050 782 3116 ΙΙ
811 3053 914 3100 396
951 3047 1083 3101 hinc
1110 3052 1156 3100 A
1182 3050 1200 3116 ΙΙ
1228 3053 1332 3102 398
1370 3049 1480 3102 inv.
1510 3047 1631 3102 fato
1659 3053 1705 3101 A
1731 3049 1750 3117 ΙΙ
1779 3053 1882 3100 899
1921 3047 2157 3101 obtabat
2183 3053 2226 3099 E
2259 3047 2267 3119 Ι

244 3132 391 3184 quae
427 3117 597 3171 nimis
634 3118 888 3185 quisquis
927 3118 1060 3171 deos
1098 3123 1144 3171 A
1170 3121 1188 3188 ΙΙ
1215 3124 1321 3171 400
1359 3119 1469 3173 fuit
1497 3125 1539 3170 Ε
1567 3122 1586 3189 ΙΙ
1613 3124 1712 3171 401
1747 3137 1819 3172 m.
1851 3137 1899 3172 v,
1929 3117 2067 3171 Iuno
2105 3134 2272 3187 quem

245 3205 285 3240 s.
310 3205 364 3256 p.
386 3193 429 3239 E
455 3190 476 3256 ΙΙ
503 3193 609 3241 402
639 3189 736 3256 qui
763 3195 807 3241 E
834 3189 853 3257 ΙΙ
880 3194 984 3242 405
1013 3191 1165 3243 toros
1193 3190 1463 3243 meruisse
1490 3195 1536 3241 A
1568 3192 1575 3258 Ι
1606 3191 1879 3258 regnante
1906 3196 1949 3241 E
1977 3190 1996 3257 ΙΙ
2021 3194 2128 3242 406
2157 3189 2273 3242 alte

242 3257 360 3311 iam
398 3270 509 3313 cec.
548 3265 591 3310 E
641 3262 660 3329 11
708 3265 992 3313 407-439
1030 3278 1130 3315 om.
1161 3266 1204 3313 E
1242 3262 1325 3330 (in
1361 3279 1464 3332 my.
1496 3260 1686 3314 deficit
1721 3259 1815 3313 hic
1849 3260 2089 3313 multum
2127 3259 2218 3329 8²)
2253 3262 2273 3330 ΙΙ

244 3334 350 3381 408
381 3329 461 3383 sic
487 3329 612 3399 ipse
640 3347 696 3383 ω
734 3347 870 3386 corr.
900 3331 976 3386 N.
999 3332 1271 3386 Heinsius
1289 3350 1348 3400 p.
1371 3336 1477 3385 444
1504 3333 1523 3400 ΙΙ
1548 3337 1647 3384 410
1683 3331 1833 3385 hunc
1860 3344 1915 3398 ψ
1938 3332 2070 3399 (Vd.
2092 3333 2223 3402 Ay.)
2259 3330 2269 3403 1

241 3400 559 3469 per-clarum
586 3406 641 3454 Π
667 3403 686 3470 ΙΙ
713 3406 804 3454 411
841 3404 899 3455 et
934 3401 1071 3455 uiua
1107 3419 1164 3457 ω
1201 3419 1336 3457 corr.
1368 3403 1441 3456 N.
1472 3402 1743 3456 Heinsius
1769 3419 1824 3471 p.
1854 3406 1962 3456 443
1988 3405 2008 3471 ΙΙ
2033 3407 2132 3486 412
2170 3418 2273 3456 ceu

242 3476 520 3597 {353ae
543 3473 1122 3612 &iiamgssffffssssstf
1123 3475 1728 3613 522230‘2222133zessp1‘53?
1730 3475 1971 3599 ⁹322ssss
1997 3491 2028 3614 (1³
2032 3474 2274 3598 223³?ss

241 3613 400 3683 pitur
436 3619 555 3679 Σψ
595 3614 816 3682 capitur
851 3619 897 3665 A
