2658 4117
365 241 450 303 34
1012 240 1068 293 L.
1100 239 1383 292 ANNAEI
1422 238 1747 295 SENECAE

363 386 560 450 trucis
608 389 790 449 antra
834 384 1046 466 Zethi,
1092 385 1334 448 nobilis
1377 384 1614 449 Dircen
1659 407 1860 468 aquae

362 477 688 558 laremque
733 475 904 559 regis
950 474 1229 538 advenae
1276 473 1542 556 Tyrium
1591 475 1779 538 coles

363 565 507 627 date
553 567 700 626 tura
743 563 1036 627 flammis.
1116 568 1341 626 ἈΜΡΗ.
1387 561 1584 645 Nate,
1627 568 1960 628 manantes
2007 566 2184 649 prius

362 674 588 716 manus
634 656 897 717 cruenta
943 652 1132 716 caede
1179 656 1244 715 et
1286 651 1514 715 hostili
1558 654 1761 735 expia.

362 758 562 805 HERC.
608 740 874 805 Vtinam
921 763 1145 806 cruore
1191 741 1421 824 capitis
1467 742 1659 806 invisi
1705 742 1838 805 deis
2282 759 2389 808 920

358 831 559 895 libare
603 852 885 914 possem:
934 831 1176 915 gratior
1219 830 1437 893 nullus
1481 831 1697 913 liquor

358 921 658 983 tinxisset
703 941 872 1003 aras3
916 920 1180 983 victima
1222 918 1383 982 haut
1426 920 1562 983 ulla
1606 920 1879 1002 amplior

359 1013 573 1091 potest
616 1009 951 1110 magisque
999 1009 1216 1092 opima
1259 1009 1527 1072 mactari
1571 1005 1739 1092 Iovi,

361 1120 553 1180 quam
598 1120 712 1162 rex
758 1097 1035 1180 iniquus
1126 1114 1341 1160 AMPH.
1386 1095 1603 1160 Finiat
1650 1060 1906 1182 ge⁷nitor
1948 1103 2096 1163 tuos

359 1190 513 1270 opta
555 1187 835 1269 labores,
881 1187 1066 1250 detur
1110 1186 1456 1270 aliquando
1505 1187 1708 1249 otium
2129 1215 2132 1219 ⁴
2278 1202 2383 1251 925

359 1277 666 1359 quiesque
711 1276 914 1339 fessiS.
1004 1293 1208 1338 HERC.
1255 1273 1403 1358 Ipse
1451 1276 1809 1359 concipiam
1855 1298 2075 1359 preces
2389 1305 2393 1308 ⁴

357 1363 507 1428 Iove
544 1387 773 1448 meque
821 1365 1065 1450 dignas
1156 1368 1282 1428 stet
1326 1386 1443 1428 suo
1492 1366 1740 1428 caelum
1785 1366 1956 1447 loco*

357 1454 675 1537 tellusque
722 1457 787 1516 et
833 1476 1098 1538 aequor3
1149 1458 1320 1517 astra
1365 1453 1713 1517 inoffensos
1760 1459 1955 1539 agant

357 1547 613 1607 aeterna
658 1565 895 1607 cursus.
989 1544 1120 1606 alta
1163 1565 1290 1626 pax
1338 1547 1559 1627 gentes
1607 1543 1763 1625 alat3

354 1633 595 1695 ferrum
643 1654 831 1695 omne
876 1636 1092 1696 teneat
1135 1632 1302 1695 ruris
1350 1633 1613 1695 innocui
1657 1632 1842 1695 labor
2276 1647 2384 1697 930

357 1743 665 1803 ensesque
710 1722 967 1784 lateant.
1059 1722 1239 1784 nulla
1283 1724 1632 1803 tempestas
1677 1721 1914 1784 fretum

289 1886 293 1890 .
355 1811 639 1873 violenta
682 1810 924 1892 turbet,
969 1810 1188 1873 nullus
1234 1810 1400 1873 irato
1446 1807 1598 1873 Iove

356 1899 578 1962 exiliat
622 1899 791 1983 ignis
801 1949 819 1982 ‚
863 1900 1081 1962 nullus
1128 1898 1398 1962 hiberna
1442 1899 1589 1961 nive

354 1989 634 2051 nutritus
681 2010 869 2073 agros
916 1988 1122 2051 amnis
1169 2009 1422 2051 eversos
1468 1987 1697 2051 trahat.

356 2099 597 2140 venena
642 2081 916 2159 cessent,
960 2079 1141 2141 nulla
1184 2078 1478 2142 nocituro
1528 2078 1738 2161 gravis
2275 2092 2381 2141 935

355 2187 506 2228 suco
553 2170 868 2229 tumescat
912 2166 1127 2230 herba.
1219 2188 1352 2229 non
1399 2168 1571 2230 saevi
1618 2187 1691 2229 ac
1736 2170 1946 2229 truces

352 2258 622 2338 regnent
666 2256 950 2338 tyranni3
997 2256 1051 2318 si
1099 2256 1271 2338 quod
1317 2256 1668 2319 etiamnum
1717 2259 1814 2318 est
1860 2256 2064 2318 scelus

353 2344 562 2405 latura
606 2344 797 2407 tellus
807 2395 824 2427 ,
871 2347 1197 2428 properet,
1244 2348 1308 2407 et
1355 2345 1410 2408 si
1459 2345 1630 2427 quod
1676 2348 1861 2427 parat

354 2436 740 2515 monstrum,
786 2455 998 2496 meum
1048 2435 1147 2498 sit.
1184 2469 1277 2478 —-
1311 2434 1422 2497 sed
1460 2434 1616 2516 quid
1661 2433 1829 2497 hoc?
1877 2433 2158 2497 medium
2207 2433 2379 2496 diem

355 2522 611 2584 cinxere
657 2523 970 2586 tenebrae.
1061 2522 1363 2586 Phoebus
1411 2523 1683 2586 obscuro
1730 2526 1903 2586 meat
2274 2538 2379 2586 940

353 2612 488 2673 sine
533 2609 704 2673 nube
749 2612 951 2674 vultu.
1045 2612 1187 2694 quis
1236 2612 1404 2675 diem
1451 2615 1623 2675 retro
1668 2612 1855 2696 fugat

352 2700 613 2785 agitque
660 2700 729 2763 in
776 2701 994 2763 ortus?
1041 2701 1208 2764 unde
1254 2723 1385 2763 nox
1432 2704 1641 2764 atrum
1688 2704 1883 2784 caput

352 2789 575 2873 ignota
620 2790 906 2872 profert?
952 2790 1120 2853 unde
1166 2793 1266 2853 tot
1311 2790 1533 2853 stellae
1579 2790 1803 2872 polum

352 2878 624 2961 implent
670 2878 976 2941 diurnae?
1023 2880 1267 2961 primus
1315 2901 1396 2941 en
1439 2882 1659 2941 noster
1702 2878 1886 2942 labor

353 2967 513 3029 caeli
556 2967 834 3052 refulget
880 2971 1059 3051 parte
1105 2989 1238 3031 non
1283 2967 1551 3030 minima
1596 2968 1698 3030 leo
2271 2981 2378 3029 945
2468 3046 2474 3056 .

353 3057 571 3137 iraque
617 3059 792 3119 totus
837 3056 1043 3120 fervet
1088 3060 1152 3119 et
1196 3078 1449 3119 morsus
1496 3060 1697 3139 parat.
1739 3131 1745 3140 .

353 3145 479 3206 13111
525 3145 731 3227 rapiet
777 3145 1039 3228 aliquod
1086 3145 1286 3209 sidus:
1335 3145 1584 3229 ingenti
1629 3146 1848 3208 minax

355 3236 483 3295 stat
529 3255 636 3296 ore
683 3238 747 3296 et
792 3235 973 3319 ignes
1021 3235 1197 3298 efflat
1243 3238 1307 3298 et
1352 3235 1547 3297 rutila
1593 3234 1810 3297 iubam

495 3393 591 3440 916
628 3389 844 3443 nobiles
881 3390 1074 3444 Dirces
1113 3408 1287 3459 aquas
1321 3397 1368 3442 A
1395 3395 1413 3461 ΙΙ
1441 3397 1536 3444 917
1576 3392 1713 3445 colis
1742 3397 1788 3442 A
1815 3393 1833 3459 ΙΙ
1861 3396 1957 3443 918
1995 3409 2149 3444 nnnc.
2181 3390 2232 3443 d.
2263 3393 2303 3443 t
2335 3391 2377 3446 f.

351 3477 509 3512 mn.
549 3478 601 3512 n.
631 3478 703 3512 m.
734 3480 788 3529 p.
829 3466 873 3512 A
919 3465 937 3530 ΙΙ
982 3468 1088 3515 920
1126 3479 1375 3516 cruorem
1414 3468 1461 3515 A
1505 3465 1523 3532 ΙΙ
1569 3469 1674 3516 922
1714 3465 1813 3515 aut
1848 3468 1891 3514 E
1920 3465 1938 3531 ΙΙ
1966 3468 2072 3515 924
2107 3464 2239 3515 tuus
2277 3467 2378 3513 EA

351 3548 485 3585 corr.
533 3542 589 3595 ψ
653 3533 672 3598 ΙΙ
735 3536 838 3584 928
897 3535 955 3585 et
1009 3533 1203 3586 aether
1239 3551 1294 3588 ω
1343 3551 1479 3589 corr.
1512 3536 1587 3589 N.
1630 3535 1899 3588 Heinsius
1945 3534 2067 3588 adv.
2112 3552 2169 3602 p.
2207 3533 2378 3604 22211

352 3606 454 3654 937
486 3601 808 3656 etiamnunc
847 3603 1027 3657 scelus
1055 3616 1111 3669 ψ
1150 3609 1168 3672 ΙΙ
1205 3611 1308 3657 947
1338 3606 1527 3674 rapiat
1553 3605 1596 3658 Ε
1638 3609 1656 3677 ΙΙ
1697 3610 1800 3658 948
1837 3605 2037 3660 rutilat
2064 3611 2110 3656 A
2143 3603 2378 3658 rutilam
