2658 4117
395 240 479 305 38
1043 238 1101 291 L.
1132 238 1414 291 ANNAEI
1452 238 1777 292 SENECAE

394 389 459 449 te
507 385 729 470 digna,
775 389 839 448 et
883 383 1095 469 Argos
1142 385 1436 447 victimas
1483 385 1639 448 alias
1688 385 1881 449 dabit.

391 492 608 538 AMPH.
655 471 961 537 Nondum
1005 473 1234 555 litasti,
1281 479 1456 537 nate:
1504 495 1880 537 consumma
1926 495 2193 537 sacrum.

396 568 523 627 stat
569 584 712 627 0000
760 562 839 625 ad
886 584 1026 625 aras
1071 562 1311 645 hostia,
1360 566 1656 645 expectat
1701 585 1962 626 manum
2281 579 2419 626 1040

395 653 636 717 cervice
683 674 912 734 prona3
958 652 1232 734 praebeo
1281 672 1545 716 occurro
1592 652 1920 734 insequor:

393 745 604 804 macta
648 779 736 786 —
784 741 939 823 quid
983 740 1107 804 hoc
1153 741 1294 804 est?
1342 745 1510 804 errat
1556 741 1724 804 acies
1771 741 2087 804 luminum

391 831 697 912 visusque
745 852 993 893 maeror
1037 828 1340 894 hebetat?
1388 853 1470 893 an
1515 829 1701 893 video
1748 828 2045 894 Herculis

393 941 622 982 manus
668 919 1055 982 trementes?
1102 920 1318 982 vultus
1366 919 1435 982 in
1482 940 1777 982 somnum
1826 919 1995 983 cadit

394 1012 458 1070 et
502 1008 671 1072 fessa
717 1008 931 1072 cervix
978 1009 1186 1090 eapite
1233 1008 1574 1072 summisso
1622 1008 1824 1091 labat3
2117 1062 2141 1085 ,
2282 1023 2416 1071 1045

392 1096 559 1160 flexo
608 1119 776 1180 genu
824 1097 951 1160 iam
998 1100 1173 1161 totus
1222 1097 1300 1159 ad
1345 1101 1579 1160 terram
1626 1097 1785 1178 ruit,

372 1190 468 1249 ‘ut
515 1208 696 1249 caesa
742 1186 918 1250 silvis
969 1207 1160 1250 ornus
1209 1190 1320 1249 aut
1366 1190 1625 1268 portum
1672 1186 1832 1249 mari

397 1275 622 1338 datura
667 1276 886 1339 moles.
980 1275 1142 1338 vivis
1195 1298 1276 1338 an
1321 1275 1452 1338 leto
1500 1275 1675 1338 dedit

393 1363 564 1426 idem
610 1368 756 1428 tuos
793 1364 918 1446 qui
964 1364 1141 1427 misit
1187 1364 1267 1427 ad
1314 1368 1587 1427 mortem
1633 1364 1857 1428 furor?

393 1474 588 1535 sopor
633 1457 753 1517 est:
798 1453 1160 1535 reciprocos
1209 1454 1472 1536 spiritus
1520 1457 1733 1516 motus
1781 1454 1931 1537 agit.
2060 1504 2065 1509 .
2281 1467 2419 1516 1050

395 1541 580 1604 detur
627 1542 830 1625 quieti
854 1546 1154 1626 ⁸tempus,
1201 1546 1276 1605 ut
1322 1564 1549 1605 somno
1598 1542 1778 1626 gravi

392 1630 489 1694 vis
537 1631 708 1694 victa
751 1631 960 1697 morbi
1008 1634 1231 1714 peetus
1280 1652 1659 1714 oppressum
1704 1632 1890 1695 levet.

391 1724 740 1804 removete,
786 1720 1040 1803 famuli,
1088 1721 1216 1783 tela
1225 1771 1241 1806 2
1287 1743 1369 1783 ne
1414 1724 1664 1802 repetat
1708 1720 1946 1783 furens.

1228 1877 1575 1944 OHORVS

844 1987 1094 2072 Lugeat
1139 1985 1359 2050 aether
1403 2008 1803 2072 magnusque
1850 2008 2078 2071 parens

712 2076 984 2141 aetheris
1033 2077 1148 2139 alti
1192 2078 1511 2159 tellusque
1556 2076 1736 2140 ferax
2063 2144 2066 2146 .
2282 2091 2417 2140 1055

713 2170 777 2229 et
822 2188 985 2249 vaga
1031 2166 1215 2250 ponti
1260 2165 1521 2228 mobilis
1567 2166 1765 2247 unda,

712 2259 911 2336 tuque
958 2258 1104 2317 ante
1153 2256 1361 2318 omnis
1409 2255 1520 2337 qui
1566 2277 1681 2337 per
1726 2259 1925 2318 terras

711 2347 1078 2425 tractusque
1124 2344 1318 2406 maris
1364 2343 1581 2407 fundis
1628 2343 1839 2407 radios

710 2436 1092 2514 noctemque
1137 2433 1325 2518 fugas
1375 2454 1482 2496 ore
1530 2432 1788 2513 decom,

710 2521 953 2585 fervide
1000 2521 1216 2585 Titan:
1265 2522 1480 2585 obitus
1527 2522 1766 2604 pariter
2282 2537 2420 2586 1060

710 2611 924 2674 tecum
971 2608 1230 2674 Alcides
1277 2611 1439 2674 vidit
1486 2616 1549 2674 et
1596 2615 1773 2673 ortus
2278 2638 2280 2641 ⁴

709 2701 1016 2782 novitque
1061 2704 1204 2764 tuas
1250 2701 1568 2782 utrasque
1602 2699 1845 2764 domos,

846 2787 1088 2852 Solvite
1134 2790 1331 2852 tantis
1381 2789 1666 2853 animum
1714 2789 2049 2869 monstris,

711 2879 939 2941 solvite
987 2879 1228 2960 superi,

708 2972 946 3030 rectam
998 2968 1064 3030 in
1111 2968 1339 3030 melius
1387 2967 1625 3031 flectite
1672 2970 1969 3030 mentem.
2281 2981 2416 3030 1065

532 3110 656 3157 1041
702 3107 910 3174 praebe
955 3113 998 3158 E
1045 3109 1063 3175 ΙΙ
1108 3112 1239 3159 1043
1286 3123 1536 3160 maemor
1572 3113 1614 3159 E
1661 3122 1881 3160 marcor
1925 3105 1990 3160 de
2035 3107 2413 3159 Wilamowitz.

391 3177 470 3230 At
508 3178 576 3242 cf.
607 3178 760 3231 Boet.
793 3179 1003 3245 (Cous.)
1034 3179 1075 3230 I
1099 3196 1184 3246 pr.
1215 3182 1268 3244 4,
1301 3183 1375 3232 90
1413 3185 1462 3232 et
1489 3196 1577 3247 pr.
1612 3184 1672 3243 6,
1700 3182 1789 3231 24.
1856 3178 1945 3231 De
1966 3178 2222 3245 ponendo
2250 3177 2414 3230 inter-

387 3249 691 3315 royationis
740 3250 898 3319 siquo
946 3250 1029 3302 M.
1072 3250 1283 3303 Miiller
1321 3267 1379 3318 p.
1421 3255 1487 3302 11
1543 3253 1561 3319 ΙΙ
1616 3254 1744 3301 1047
1796 3251 1989 3317 portus
2038 3254 2082 3300 A
2136 3247 2300 3317 pinus
2348 3249 2414 3301 ci.

391 3318 475 3370 M.
507 3318 709 3386 Haupt
743 3322 762 3389 ΙΙ
806 3326 939 3372 1050
979 3320 1208 3389 spiritus
1246 3321 1306 3373 in
1346 3323 1498 3374 ortus
1536 3327 1578 3373 E
1615 3323 1633 3389 ΙΙ
1670 3325 1796 3372 1051
1832 3320 2018 3389 gravis
2057 3326 2103 3371 A
2147 3322 2164 3387 ΙΙ
2211 3324 2414 3371 1054-

389 3393 513 3440 1137
554 3389 772 3445 dimetri
809 3410 863 3445 ω
921 3394 1023 3445 soli
1058 3393 1375 3446 monometrz‘
1411 3397 1528 3444 1114
1567 3391 1696 3461 (tria
1733 3410 1775 3445 r.
1808 3396 1875 3461 s.)
1911 3398 1953 3444 E
2001 3397 2111 3443 1111
2149 3394 2311 3462 (80118.
2345 3395 2418 3460 a.)

389 3463 459 3522 A3
517 3465 642 3513 1136
699 3462 879 3530 (triste
934 3463 992 3531 l.)
1048 3465 1320 3531 superiori
1374 3465 1555 3518 versui
1608 3464 1839 3517 additur
1892 3467 1960 3528 A,
2017 3464 2275 3527 inferiori
2319 3469 2362 3514 E
2401 3463 2420 3533 ΙΙ

390 3535 520 3582 1057
563 3548 751 3585 01111108
781 3538 827 3583 A
853 3536 870 3601 ΙΙ
899 3539 1032 3586 1064
1070 3534 1265 3587 solvite
1301 3552 1332 3587 o
1363 3534 1550 3603 superi
1578 3541 1620 3586 E
1659 3533 1886 3587 solitum
1916 3550 2111 3603 sapere
2142 3536 2374 3603 Bentley
2408 3534 2414 3603 Ι

391 3617 617 3655 caecam
665 3598 893 3670 Withof,
932 3610 992 3657 at
1027 3605 1094 3671 cf.
1129 3606 1212 3658 M.
1256 3606 1557 3660 Miillermn
1592 3623 1648 3674 Ρ,
1680 3610 1750 3658 13
