2658 4117
1129 282 1387 338 MEDEA
1567 315 1577 325 ·
2134 284 2260 349 133

238 431 525 495 versabit
559 428 820 513 Arctos,
864 430 1131 494 flumina
1175 431 1244 493 in
1288 433 1562 514 pontum
1610 431 1865 514 cadent,
2156 447 2262 496 405

242 542 598 603 numquam
644 541 823 583 meus
871 519 1145 583 cessabit
1189 519 1258 582 in
1302 541 1542 602 poenas
1586 519 1766 583 furor

243 614 611 693 crescetque
658 630 923 691 semper.
1016 630 1178 690 quae
1221 608 1503 672 ferarum
1553 609 1946 694 immanitas,

245 721 408 781 quae
457 696 700 781 Scylla,
746 719 908 780 quae
954 695 1311 779 Charybdis
1348 694 1709 761 Ausonium
1755 720 1928 762 mare

246 785 664 869 Siculumque
710 787 975 850 sorbens
1024 808 1264 868 quaeve
1311 785 1717 850 anhelantem
1762 808 2057 870 premens

246 875 480 941 Titana
525 876 721 939 tantis
760 872 971 938 Aetna
1014 875 1288 938 fervebit
1334 875 1572 938 minis?
2159 891 2267 940 410

244 987 379 1029 non
422 964 684 1047 rapidus
733 964 968 1046 amnis,
1012 973 1170 1027 non·
1191 965 1621 1046 procellosum
1668 985 1842 1028 mare

244 1053 572 1117 Pontusve
619 1075 768 1117 coro
815 1074 1040 1116 saevus
1088 1056 1199 1116 aut
1242 1053 1342 1116 vis
1388 1054 1637 1138 ignium

247 1143 467 1206 adiuta
509 1142 668 1206 flatu
714 1143 921 1225 possit
967 1142 1256 1206 inhibere
1302 1142 1615 1225 impetum

247 1232 502 1314 irasque
547 1236 825 1295 nostras:
873 1235 1151 1295 sternam
1198 1234 1264 1294 et
1309 1235 1588 1294 evertam
1638 1232 1867 1295 omnia.

381 1319 626 1383 Timuit
671 1318 1010 1383 Creontem
1058 1340 1133 1383 ac
1178 1319 1350 1383 bella
1393 1319 1745 1384 Thessalici
1791 1320 2015 1384 ducis?
2165 1335 2266 1384 415

249 1431 431 1473 amor
475 1409 701 1472 timere
747 1410 1069 1473 neminem
1114 1431 1302 1472 verus
1349 1412 1576 1491 potest.

248 1497 361 1562 sed
407 1499 669 1562 cesserit
713 1502 970 1561 coactus
1019 1502 1083 1561 et
1129 1497 1373 1561 dederit
1417 1519 1670 1561 manus:

249 1587 423 1651 adire
469 1591 639 1651 certe
685 1590 750 1650 et
795 1587 1134 1672 coniugem
1181 1590 1466 1650 extremo
1513 1587 1758 1669 alloqui

251 1697 542 1740 sermone
588 1676 801 1760 potuit
843 1713 917 1720 —
957 1674 1083 1738 hoc
1131 1697 1386 1758 quoque
1434 1676 1730 1739 extimuit
1773 1676 1981 1758 ferox3

247 1766 465 1828 laxare
512 1768 681 1828 certe
726 1768 980 1847 tempus
1026 1765 1295 1828 immitis
1341 1764 1534 1848 fugae
2166 1780 2270 1828 420

252 1875 486 1938 genero
534 1854 772 1918 licebat
814 1891 889 1898 —
932 1853 1151 1916 liberis
1196 1874 1364 1916 unus
1411 1852 1545 1917 dies

252 1944 436 2006 datus
484 1946 581 2006 est
626 1942 891 2006 duobus.
983 1964 1115 2005 non
1162 1963 1394 2025 queror
1436 1945 1691 2025 tempus
1737 1941 1953 2005 breve:

250 2033 529 2097 multum
575 2031 838 2116 patebit.
928 2031 1121 2095 faciet
1163 2030 1271 2096 hic
1314 2031 1509 2096 faciet
1554 2031 1688 2096 dies

170 2183 178 2187 .
255 2122 426 2205 quod
472 2122 689 2185 nullus
736 2142 1042 2203 umquam
1089 2124 1298 2185 taceat
1334 2158 1422 2167 --
1460 2121 1755 2185 invadam
1804 2120 1954 2184 deos

253 2215 318 2274 et
346 2215 575 2274 cuncta
604 2210 903 2292 quatiam.
987 2227 1194 2273 NVTR.
1241 2209 1480 2293 Recipe
1516 2210 1845 2274 turbatum
1875 2208 2090 2291 malis,
2169 2224 2273 2272 425

252 2322 387 2383 era,
433 2303 682 2382 pectus,
730 2299 1013 2361 animum
1062 2299 1305 2383 mitiga.
1399 2316 1566 2361 MED.
1615 2297 1767 2362 Sola
1814 2302 1910 2362 est
1957 2298 2163 2382 quies,

253 2410 506 2452 mecum
552 2388 740 2451 ruina
785 2391 1015 2451 cuncta
1060 2389 1115 2451 si
1161 2388 1346 2451 video
1396 2389 1650 2452 obruta:

252 2498 504 2540 mecum
556 2477 772 2540 omnia
817 2477 1063 2540 abeant.
1154 2476 1434 2559 trahere,
1481 2499 1627 2541 cum
1673 2498 1923 2560 pereas,
1967 2475 2142 2539 libet.

251 2584 459 2630 NVTR.
509 2564 714 2641 Quam
761 2566 966 2629 multa
1011 2565 1142 2629 sint
1185 2565 1496 2648 timenda,
1544 2566 1600 2629 si
1645 2569 1916 2650 perstas,
1963 2565 2134 2628 vide:

253 2676 445 2719 nemo
490 2658 785 2738 potentes
833 2654 1095 2739 aggredi
1142 2658 1320 2718 tutus
1368 2659 1598 2737 potest.
2174 2668 2277 2716 430

949 2864 1216 2930 IASON
1285 2865 1597 2930 MEDEA

390 2988 443 3053 O
492 2991 649 3055 dura
693 2992 827 3055 fata
874 3014 1124 3074 semper
1170 2996 1234 3056 et
1280 2996 1518 3056 sortem
1565 3014 1881 3076 asperam,

255 3100 403 3143 cum
451 3081 654 3144 saevit
700 3085 764 3145 et
809 3103 955 3145 cum
1003 3082 1209 3165 parcit
1255 3104 1333 3145 ex
1381 3103 1583 3165 aequo
1631 3082 1894 3144 malam!

399 3295 503 3343 408
543 3290 757 3344 ionium
795 3309 866 3343 m.
906 3296 952 3343 A
979 3294 997 3359 ΙΙ
1023 3296 1131 3344 409
1168 3289 1424 3359 quaeque
1461 3297 1507 3344 A
1534 3294 1552 3361 ΙΙ
1579 3296 1677 3344 410
1715 3291 1881 3345 ethne
1918 3297 1991 3344 Av
2031 3293 2039 3361 Ι
2071 3289 2282 3344 ferbuit

256 3362 508 3431 Madviy.
569 3363 648 3416 At
674 3361 742 3428 ef.
774 3362 1022 3417 Richteri
1048 3363 1472 3429 disputationem
1499 3364 1665 3432 symb.
1689 3380 1746 3431 p.
1771 3365 1842 3416 34
1869 3366 1888 3433 ΙΙ
1914 3368 2013 3416 412
2050 3363 2282 3432 pontus-

256 3449 363 3500 que
400 3437 446 3484 A
490 3435 509 3501 ΙΙ
555 3438 651 3486 413
690 3432 903 3486 imitari
939 3433 1071 3501 imp.
1112 3435 1253 3500 Leo,
1298 3434 1506 3500 refutat
1542 3435 1764 3489 Richter
1801 3435 1832 3487 l.
1863 3452 1916 3487 n.
1965 3439 1984 3503 ΙΙ
2027 3439 2123 3487 417
2165 3450 2282 3487 ces-

255 3503 396 3557 sarit
431 3509 504 3557 Av
551 3508 561 3572 Ι
613 3504 902 3558 conuictus
940 3508 986 3555 A
1039 3507 1057 3573 ΙΙ
1109 3509 1206 3556 418
1246 3505 1319 3558 ad
1359 3521 1404 3558 c.
1445 3505 1738 3574 coniugem
1786 3507 1844 3558 et
1878 3512 1921 3558 E
1978 3508 1996 3574 ΙΙ
2050 3510 2158 3558 422
2197 3507 2282 3559 est

255 3593 353 3630 om.
387 3577 611 3644 Δ11423
650 3574 756 3629 fac.
788 3576 841 3628 h.
874 3575 993 3628 dies
1030 3575 1202 3629 faciet
1238 3582 1281 3628 E
1309 3578 1328 3645 ss
1370 3580 1476 3628 430
1513 3578 1800 3645 potentem
1838 3583 1880 3629 E
1917 3579 1937 3646 n
1972 3582 2071 3630 431
2107 3594 2277 3631 neon.

257 3666 390 3699 unm
428 3648 520 3715 (ef.
561 3665 602 3701 v.
635 3651 766 3716 179)
798 3650 816 3716 ΙΙ
843 3651 948 3699 432
985 3646 1137 3700 mala
1173 3653 1216 3699 E
