2658 4117
836 317 839 318 ⁷
940 289 1611 348 ORTHOGRAPHICVS.
2174 291 2305 356 499

310 451 442 491 raro
485 452 552 488 us
597 452 694 488 um
740 434 939 504 Scyrus
966 435 1058 489 ΤΒ
1095 440 1196 488 339
1259 433 1429 488 Ilium
1465 435 1545 487 ΤΒ
1583 440 1667 488 31.
1742 451 1873 489 acc.
1931 433 2191 503 Cyllaron
2230 433 2309 487 Is-

308 522 513 560 menon
549 506 763 560 Aeacos
792 524 900 576 pro
934 508 1159 560 Aeacon
1194 505 1292 559 Hn
1323 511 1461 560 1558
1531 505 1625 559 ΙΙΙ
1664 506 1827 559 (1661.
1879 519 1909 562 o
1947 537 2018 546 —
2054 519 2123 561 on
2172 504 2309 559 Creo

308 576 357 630 O
388 583 506 631 203.
540 583 641 632 205
680 580 866 633 insen:
906 583 1026 632 202.
1062 583 1171 631 509
1236 578 1583 647 Agamemno
1619 579 1781 632 inser.
1821 577 2129 648 trayoediae
2164 578 2311 631 alias

309 680 379 689 —
419 663 488 705 on
535 650 921 719 Agamemnon
965 648 1171 702 Pluton
1207 648 1470 702 Memnon
1505 647 1892 718 Amphitryon.
1968 664 2098 702 acc.
2137 648 2306 716 sing.

309 719 478 773 decl.
506 720 534 773 I
562 723 628 774 et
653 719 746 772 III
775 722 1096 788 praevalent
1121 722 1528 774 terminationes
1552 736 1776 790 yraecae
1840 734 1907 774 en
1936 751 2007 759 -
2034 733 2105 774 an
2133 751 2203 759 ——
2230 733 2306 789 yn

306 790 612 845 Alcmenen
675 790 852 845 Oeten
914 791 1231 859 Eurydicen
1292 789 1603 859 Rhodopen
1657 822 1727 830 ——
1779 789 1996 844 Borean
2058 790 2308 844 Eurotan

308 861 523 916 Lichan
566 894 641 902 ⁷—
689 863 911 916 Araxen
964 862 1166 916 Vlixen
1217 860 1451 931 Gangen
1500 861 1736 916 Alciden
1785 862 2023 915 Atriden
2074 860 2308 915 Oresten

308 932 568 987 Achillen
595 965 666 973 —
694 933 896 1002 chelyn
921 933 1050 1002 Ityn
1077 933 1306 987 Eleusin
1336 933 1578 987 Trachin
1605 934 1738 988 alia.
1804 947 1892 989 am
1923 964 1990 973 —
2020 946 2107 989 cm
2133 963 2204 971 —
2230 929 2307 987 im

308 1004 757 1058 Andromacham
794 1006 874 1058 ΤΒ
902 1010 1004 1058 576
1053 1003 1249 1059 Ossam
1284 1004 1383 1057 H11
1414 1010 1549 1059 1152
1599 1003 1856 1058 Alcidem
1891 1004 1989 1057 H11
2018 1008 2137 1057 510.
2170 1008 2309 1056 1320

307 1074 539 1144 Erynim
577 1074 621 1129 O
653 1082 772 1129 644Δ
819 1075 1035 1145 Tigrim
1072 1078 1335 1145 (sequitur
1360 1092 1467 1130 vox
1493 1076 1772 1145 inmiscet)
1811 1076 1891 1129 ΤΒ
1924 1080 1986 1128 11
2025 1106 2095 1115 --
2130 1073 2310 1142 Eury-

309 1146 491 1200 dicem
527 1146 581 1199 H
618 1153 719 1201 581
779 1147 1038 1216 Scythem
1074 1147 1128 1200 H
1169 1153 1304 1201 1210
1360 1179 1431 1187 -
1485 1145 1833 1215 Oedipodam
1872 1144 1916 1199 O
1955 1151 2090 1199 1003
2162 1161 2304 1215 gen.

308 1217 412 1270 sin
465 1261 475 1272 .
516 1217 756 1287 Cybelae
794 1218 874 1272 ΤΒ
904 1224 968 1272 72
1015 1218 1278 1273 Hecubae
1310 1224 1427 1273 138.
1460 1224 1560 1272 962
1608 1224 1670 1272 at
1696 1216 1927 1287 Cybeles
1965 1218 2009 1270 P
2040 1221 2175 1270 1136
2220 1216 2308 1269 Io-

305 1288 390 1342 les
481 1309 524 1342 11
553 1295 656 1343 556
703 1289 951 1344 Helenae
988 1307 1065 1345 an
1113 1289 1390 1344 Helenes?
1426 1290 1476 1343 A
1506 1294 1607 1344 907
1647 1289 1764 1359 (E¹:
1792 1289 1990 1343 helene
2020 1305 2173 1341 soror
2207 1287 2306 1341 E':

306 1359 415 1413 hel.
444 1359 618 1430 furor)
654 1393 724 1401 -
770 1360 1059 1430 Geryonae
1095 1362 1146 1414 A
1173 1367 1273 1415 841
1322 1377 1565 1430 geryone
1602 1360 1655 1413 H
1686 1365 1821 1414 1170
1866 1392 1938 1401 —-
1983 1358 2307 1428 Oedipodae

306 1430 360 1483 H
388 1437 492 1486 496
528 1463 599 1471 -
635 1431 892 1485 Phasidis
930 1432 989 1485 M
1020 1438 1119 1486 102
1194 1432 1324 1485 dat.
1366 1451 1405 1486 s.
1445 1432 1724 1486 Parnetho
1754 1449 1862 1500 pro
1896 1431 2165 1485 Parnethi
2200 1430 2245 1482 P
2273 1436 2309 1483 4

305 1504 520 1557 vocat.
561 1502 664 1555 sin
717 1545 726 1555 .
769 1502 1002 1557 Calchas
1039 1503 1119 1556 ΤΒ
1158 1509 1258 1556 359
1296 1535 1367 1543 —-
1414 1501 1612 1557 Oresta
1647 1504 1697 1555 A
1736 1508 1837 1556 933
1883 1534 1953 1542 —-
1998 1501 2189 1555 Vlixes
2227 1500 2310 1554 Ta

309 1577 413 1626 594
450 1574 615 1642 (alias
714 1573 824 1643 ixe)
889 1574 1014 1627 abl.
1067 1572 1360 1643 Oedipoda
1404 1571 1449 1626 O
1481 1580 1598 1628 943.
1665 1573 2010 1627 adiectiva
2046 1588 2308 1641 graecam

308 1644 762 1697 terminationem
799 1661 859 1697 os
897 1662 969 1699 on
1004 1662 1117 1699 non
1155 1645 1477 1698 admittunt.
1540 1645 1793 1698 bistonos
1830 1643 1945 1698 ales
1982 1645 2032 1696 A
2062 1649 2164 1697 673
2227 1646 2309 1697 vi-

308 1717 441 1768 tiose
471 1731 576 1784 pro
609 1714 862 1769 bistonis.
936 1715 1025 1772 ius
1053 1747 1123 1757 —
1152 1730 1249 1772 eus
1285 1716 1554 1785 pelopeus
1590 1716 1649 1768 M
1678 1721 1779 1769 891
1818 1714 1863 1767 Τ
1893 1721 1995 1769 22?
2049 1714 2312 1784 pelopius

307 1786 360 1838 A
390 1791 434 1838 7.
469 1791 569 1839 165
606 1786 913 1855 pelopaeae
942 1814 1008 1833 =
1036 1787 1296 1857 pelopiae
1334 1786 1379 1839 T
1410 1793 1509 1840 641

240 1879 274 1927 2
310 1874 536 1931 verba.
607 1876 684 1929 Iri
727 1878 1107 1946 coniuyatione
1150 1877 1296 1944 quod
1337 1877 1701 1931 observatione
1736 1876 1966 1944 diyrium
2002 1880 2133 1929 esset
2165 1875 2309 1928 nihil

307 1950 643 2015 repperimus
670 1953 890 2016 praeter
923 1948 1053 2002 haec
1080 1964 1293 2016 pauca:
1333 1947 1522 2000 tondis
1604 1963 1649 2001 ⁴0
1676 1947 1874 2000 tondes
1911 1945 2009 1999 Ph.
2044 1950 2144 1999 130
2208 1944 2309 1998 fri-

306 2019 405 2088 get
431 2034 540 2087 pro
576 2017 738 2088 frigit
775 2016 819 2072 O
851 2023 917 2072 39
972 2021 1158 2074 vomet
1185 2036 1293 2088 pro
1326 2017 1505 2072 vomit
1542 1964 1718 2073 (111979
1756 2049 1827 2057 -
1862 2018 2159 2072 tenderent
2193 2019 2230 2072 i.
2261 2034 2306 2071 e.

305 2089 606 2143 tenderant
632 2106 741 2158 pro
775 2090 1132 2144 tetenderant
1167 2090 1220 2143 H
1249 2095 1353 2144 538
1393 2122 1463 2130 -
1509 2090 1751 2143 occurrit
1785 2092 1973 2144 vitiose
2002 2106 2108 2159 pro
2145 2105 2303 2143 occu-

307 2161 482 2214 currit
517 2160 614 2214 Ph.
656 2165 774 2214 367.
832 2193 902 2201 -
958 2162 1208 2231 (adorsus
1247 2189 1313 2207 =
1355 2161 1582 2215 adortus
1618 2160 1672 2213 H
1710 2167 1811 2215 239
1838 2160 1909 2230 V)
1959 2192 2030 2200 —
2078 2161 2145 2215 de
2180 2176 2306 2214 con-

306 2234 497 2286 tractis
526 2234 886 2300 perfectorum
918 2234 1113 2301 formis
1147 2234 1215 2300 cf.
1254 2232 1282 2285 I
1319 2237 1367 2285 3.

229 2391 342 2443 IV.
381 2393 528 2454 Qua
561 2395 812 2447 ratione
848 2409 1042 2447 voces
1078 2396 1190 2447 vel
1226 2395 1611 2446 coniunctae
1646 2395 1754 2445 vel
1790 2394 2118 2444 seiunctae
2155 2393 2305 2444 sint.

229 2498 795 2567 praepositiones
858 2498 1247 2554 nominibus
1313 2499 1454 2552 suis
1519 2499 1844 2552 adnexae:
1920 2498 2007 2568 [de
2069 2513 2301 2551 monum.

304 2569 510 2640 Aneyr.
546 2570 940 2626 Mommsenius
975 2572 1107 2642 (Res
1131 2577 1306 2641 yestae
1334 2572 1452 2625 divi
1476 2572 1720 2640 Auyusti
1752 2587 1807 2637 p.
1840 2570 1986 2638 145):
2024 2585 2182 2636 saepe
2217 2571 2305 2622 in-

304 2645 385 2692 ter
421 2644 879 2709 praepositionem
925 2649 975 2697 et
1023 2659 1246 2711 sequens
1293 2642 1695 2696 substantivum
1743 2643 1808 2694 iri
1853 2642 2142 2710 archetypo
2191 2656 2304 2693 ‘nori

303 2713 621 2783 interpunyi
654 2714 750 2766 via:
784 2714 1012 2768 dubium
1045 2720 1147 2780 est3
1192 2720 1327 2768 certe
1362 2715 1426 2767 iri
1460 2713 1639 2767 indice
1673 2713 1973 2766 maioribus
2007 2718 2058 2765 et
2092 2710 2304 2765 eviden-

305 2783 535 2837 tioribus
572 2784 766 2839 litteris
799 2787 999 2853 scripto
1034 2788 1117 2840 ita
1155 2786 1353 2855 leyitwr
1387 2802 1435 2837 v.
1468 2790 1498 2837 2
1532 2783 1745 2837 inrem
1780 2800 1828 2835 v.
1862 2788 1892 2835 3
1920 2781 2304 2852 induabus.]

304 2852 519 2907 instatu
569 2854 770 2924 aculpa
821 2855 1108 2910 abetheria
1159 2856 1290 2910 adte
1342 2854 1613 2909 adcantus
1662 2854 1865 2923 perhas
1913 2855 2303 2922 pertonantem

305 2923 472 2978 exillo
525 2927 649 2979 exte
697 2929 1016 2995 propterme
1066 2926 1423 2995 subplaustro
1472 2925 1693 2996 profato
1743 2941 1935 2994 prome
1982 2924 2304 2979 caelotenus

305 2994 422 3063 (ΗΠ
461 2998 583 3065 316)
646 2997 976 3052 immembra
1022 2997 1067 3051 Τ
1108 3004 1206 3052 761
1280 2997 1616 3052 vocabula
1662 2995 2040 3065 composita
2087 2994 2301 3048 divel-

302 3065 561 3122 luntur:
608 3068 668 3120 in
715 3069 989 3134 domitum
1035 3085 1069 3123 a
1114 3070 1280 3123 mitto
1327 3071 1389 3123 at
1433 3068 1619 3122 tonitu
1662 3084 1763 3137 per
1808 3070 1992 3121 errent
2038 3083 2105 3120 ex
2142 3082 2301 3120 cusso

305 3138 409 3192 sub
438 3141 595 3192 actus
634 3139 704 3193 de
733 3142 945 3194 cretum
983 3157 1150 3210 super
1177 3158 1299 3193 sum
1318 3141 1407 3180 ‘—
1443 3140 1502 3192 in
1532 3156 1750 3194 cassum
1786 3138 1830 3191 T
1864 3144 1998 3192 1066
2035 3139 2095 3191 111
2123 3138 2303 3191 vicem

301 3208 348 3262 Τ
381 3215 480 3264 102
519 3241 590 3249 -
627 3210 724 3277 qui
754 3228 989 3280 cumque
1027 3212 1117 3265 cui
1151 3229 1319 3280 quam
1358 3214 1489 3266 ante
1527 3228 1695 3280 quam
1733 3226 1877 3278 quae
1912 3226 2045 3262 nam
2080 3210 2196 3263 iam
2230 3223 2304 3261 ne

303 3297 458 3335 amor
502 3297 572 3335 ne
617 3281 732 3335 iam
777 3282 891 3336 iam
936 3299 1050 3336 non
1097 3283 1230 3336 dum
1276 3283 1449 3336 etiam
1493 3301 1642 3336 num.
1716 3280 2106 3351 particulae
2151 3295 2302 3334 ora·

301 3351 518 3406 tionis
555 3354 965 3408 coniunctae
1005 3371 1147 3409 cum
1183 3355 1463 3408 vocibus
1511 3369 1680 3422 quae
1719 3352 2178 3407 subiciuntur:
2227 3350 2303 3402 si·-

301 3441 415 3493 qua
461 3424 649 3492 siquid
699 3426 805 3479 site
851 3426 1060 3494 sipotes
1108 3425 1324 3479 sinimis
1372 3426 1535 3479 sedtu
1581 3423 1924 3494 sedmagnus'
1968 3421 2169 3476 ethanc
2220 3424 2301 3475 et—

299 3495 484 3567 fulget
518 3495 823 3550 necsitotus
856 3498 1054 3565 nequis
1082 3497 1259 3550 iamse
1285 3497 1628 3566 iampossum
1658 3498 1787 3549 ante
1817 3510 2116 3563 anpossum
2143 3509 2301 3546 nam-

301 3568 427 3637 quis
474 3569 798 3620 autcentum
842 3567 1119 3622 nonlicuit
1164 3584 1507 3637 quamprope
1553 3566 1812 3620 tambene
1860 3565 2102 3634 quidhoc
2149 3580 2300 3616 cum-

299 3639 449 3694 traxi
486 3639 770 3692 endomita
805 3641 1102 3707 protector.
1141 3671 1211 3680 -—
1248 3640 1421 3693 multa
1449 3645 1734 3708 praeterea
1769 3638 1851 3692 vel
1886 3639 2303 3690 coni-anetarum

1876 3725 1978 3805 32*
