2658 4117
868 250 1244 304 HERCVLES
1284 250 1620 321 [FVRENS]
2178 254 2218 315 3
2229 254 2259 315 1

1075 410 1421 476 OHORVS

633 518 845 582 Natus
892 518 1296 601 Eurystheus
1345 524 1730 602 properante
1776 526 1964 603 partu
2160 538 2264 585 830

1026 636 1027 639 ’
1592 634 1624 666 *

499 698 779 760 iusserat
824 696 1050 759 mundi
1096 700 1430 779 penetrare
1477 697 1775 760 fundum:

497 786 681 848 derat
727 785 852 848 hoc
900 786 1108 847 solum
1156 807 1424 847 numero
1472 786 1795 868 laborum,

496 875 727 937 tertiae
772 894 990 958 regem
1038 874 1314 955 spoliare
1362 875 1569 936 sortis,

499 985 695 1026 ausus
744 984 810 1025 es
859 983 1080 1025 caecos
1128 962 1340 1024 aditus
1390 964 1576 1043 inire,

498 1052 679 1115 ducit
725 1051 805 1114 ad
851 1073 1070 1113 manes
1117 1052 1222 1114 via
1269 1073 1396 1133 qua
1441 1056 1721 1115 remotos
2161 1068 2262 1115 835

500 1140 706 1204 tristis
754 1143 818 1203 et
862 1140 1049 1224 nigra
1095 1141 1438 1202 metuenda
1484 1140 1670 1223 silva,

502 1229 615 1293 sed
659 1231 961 1310 frequens
1008 1250 1245 1312 magna
1293 1229 1640 1292 comitante
1687 1231 1891 1293 turba.

637 1316 927 1392 Quantus
974 1317 1215 1381 incedit
1258 1319 1539 1400 populus
1585 1340 1700 1400 per
1744 1319 1933 1382 urbes

503 1407 585 1470 ad
630 1407 783 1469 novi
829 1406 1016 1469 ludos
1067 1407 1289 1469 avidus
1337 1405 1599 1490 theatri,

503 1499 782 1578 quantus
829 1494 1062 1557 Eleum
1108 1495 1241 1557 ruit
1285 1495 1366 1557 ad
1413 1494 1798 1577 Tonantem,
2160 1514 2264 1559 840

503 1585 729 1667 quinta
775 1606 921 1647 cum
970 1605 1219 1646 sacrum
1266 1585 1593 1647 revocavit
1639 1590 1873 1667 aestas;

504 1677 771 1755 quanta,
819 1695 962 1736 cum
1012 1673 1244 1756 longae
1291 1672 1458 1736 redit
1503 1672 1662 1736 hora
1708 1675 1884 1737 nocti

505 1782 784 1825 crescere
833 1765 897 1824 et
943 1783 1202 1824 somnos
1252 1762 1515 1844 cupiens
1565 1762 1815 1844 quietos

500 1851 669 1914 libra
712 1849 1046 1913 Phoebeos
1093 1854 1270 1913 tenet
1315 1873 1519 1933 aequa
1566 1871 1813 1934 01111118,

501 1940 693 2002 turba
740 1943 1048 2003 secretam
1097 1936 1390 2002 Cererem
1438 1939 1804 2021 frequentat
2162 1956 2263 2002 845

509 2033 573 2093 et
621 2029 731 2093 citi
777 2028 964 2093 tectis
1012 2032 1361 2111 properant
1404 2029 1643 2092 relictis

507 2116 708 2181 Attici
754 2123 1011 2182 noctem
1060 2119 1378 2181 celebrare
1425 2122 1696 2199 mystae:

504 2211 685 2270 tanta
731 2230 845 2290 per
892 2229 1153 2289 campos
1201 2207 1416 2290 agitur
1462 2208 1719 2269 silentes

504 2296 719 2379 turba3
765 2319 913 2378 pars
962 2296 1143 2358 tarda
1190 2296 1479 2380 graditur
1526 2300 1803 2378 senecta,

502 2385 703 2447 tristis
751 2389 816 2447 et
859 2386 1057 2468 longa
1104 2386 1333 2447 satiata
1379 2386 1536 2467 vita·
2162 2401 2265 2449 850

504 2496 665 2573 pars
699 2473 907 2536 adhuc
955 2475 1155 2536 currit
1201 2474 1484 2536 melioris
1533 2474 1699 2537 aevi:

505 2562 784 2645 virgines
831 2562 1119 2624 nondum
1165 2562 1466 2625 thalamis
1514 2563 1769 2646 iugatae

507 2656 570 2714 et
616 2651 815 2714 comis
862 2651 1149 2714 nondum
1198 2652 1426 2733 positis
1475 2650 1705 2732 ephebi

506 2741 726 2802 matris
775 2743 839 2802 et
886 2762 1122 2802 nomen
1168 2740 1360 2802 modo
1411 2740 1635 2802 doctus
1684 2740 1909 2801 infans

505 2827 606 2890 his
654 2828 873 2890 datum
923 2829 1104 2910 solis,
1152 2829 1363 2891 minus
1411 2833 1485 2890 ut
1532 2829 1858 2908 timerent,
2161 2843 2263 2890 855

505 2917 654 3000 igne
702 2918 987 3000 praelato
1033 2919 1313 2982 relevare
1361 2920 1643 3001 noctem3

507 3006 699 3069 ceteri
745 3006 988 3068 vadunt
1034 3028 1147 3088 per
1194 3028 1394 3089 opaca
1440 3006 1670 3068 tristes,

374 3186 502 3246 post
539 3184 643 3230 830
681 3181 939 3232 lacunam
975 3182 1170 3233 statuit
1207 3181 1419 3247 Paper.
1495 3181 1624 3232 Tale
1669 3180 2099 3246 supplementum
2135 3196 2265 3245 pro-

226 3253 416 3318 posuit
438 3251 689 3303 Richter:
717 3249 1015 3303 Herculem
1035 3254 1232 3302 natum
1251 3254 1568 3303 remorante
1587 3253 1772 3318 parm,
1796 3256 1858 3303 ut
1875 3250 2074 3303 similis
2090 3250 2267 3302 exitus

233 3323 529 3376 librarium
564 3322 822 3387 fefellisse
854 3322 1143 3388 putandus
1178 3324 1251 3375 sit
1302 3325 1320 3391 Η
1377 3327 1472 3373 831
1516 3321 1680 3373 iussit
1717 3320 1955 3373 Alciden
2003 3321 2221 3386 Withof
2248 3341 2265 3390 :2

235 3398 338 3445 834
386 3395 473 3445 est
523 3397 569 3442 A
632 3396 650 3459 Η
715 3398 819 3445 836
867 3392 1007 3444 silva
1053 3393 1357 3445 metuenda
1403 3392 1566 3460 nigra
1604 3398 1648 3442 A
1703 3395 1720 3460 ΙΙ
1786 3397 1889 3443 840
1937 3391 2119 3457 qualis
2167 3395 2266 3442 EA

232 3481 367 3518 eor-r.
410 3476 464 3528 ψ
501 3463 718 3531 10111111
763 3470 835 3514 At
884 3464 997 3516 coit
1035 3482 1076 3516 α
1132 3468 1150 3532 Η
1207 3468 1310 3515 842
1357 3463 1538 3516 noctis
1577 3469 1621 3513 A
1676 3466 1694 3531 ΙΙ
1751 3468 1854 3514 844
1901 3463 2131 3515 thebeos
2168 3469 2209 3513 E
2249 3463 2266 3530 Η

235 3540 338 3588 846
376 3536 507 3588 sciti
536 3553 575 3589 τ
615 3535 754 3588 scite
791 3535 1077 3604 (Scythae)
1109 3546 1163 3598 ψ
1191 3540 1207 3600 13
1239 3540 1342 3586 849
1381 3534 1642 3602 gradiens
1681 3540 1727 3585 A
1753 3537 1770 3601 ΙΙ
1801 3539 1904 3585 849
1925 3552 1999 3598 sq.
2042 3536 2264 3632 senecta

236 3606 440 3659 —xita
479 3608 644 3672 affert
685 3606 871 3659 Guido
909 3608 973 3659 (le
1012 3607 1129 3658 Ba
1115 3607 1301 3671 ochas,
1339 3577 1412 3671 cst?
1433 3606 1612 3673 pinet.
1644 3625 1686 3659 0
1719 3607 1794 3656 ῙῙ
