2658 4117
341 197 476 262 296
989 197 1048 249 L.
1079 195 1362 250 ANNAEI
1399 195 1725 251 SENECAE

341 358 547 406 TANT.
594 340 836 406 Evince
874 340 1182 425 quicquid
1218 342 1436 406 obstat
1473 346 1537 405 et
1570 345 1853 405 mentem
1890 340 2164 425 impedit
2266 355 2375 407 440

339 431 768 513 reducemque
813 433 1052 512 quanta
1098 430 1383 513 praemia
1428 432 1767 513 expectem:
1810 430 1972 493 vide.

341 523 543 602 pater,
589 521 772 602 potes
818 539 1103 603 regnare.
1195 535 1356 582 ΤΗῩ.
1406 516 1568 581 Cum
1613 518 1856 601 possim
1903 519 2087 582 mori.

342 624 546 670 ΤΑΝΤ.
604 604 869 670 Summa
924 610 1022 671 est
1075 609 1363 690 potestas
1414 644 1491 652 —
1543 611 1702 669 THY.
1756 605 1982 672 Nulla:
2038 607 2094 672 si
2151 608 2374 691 cupias

341 800 546 847 ΤΑΝΤ.
596 780 822 847 Gnatis
857 783 1199 867 relinques,
1282 800 1441 848 THY.
1487 782 1641 849 Non
1678 783 1851 867 capit
1884 804 2158 868 regnum
2194 784 2374 849 duos.

343 889 550 938 TANT.
596 870 792 935 Miser
837 894 974 937 esse
1018 872 1267 936 mavult
1311 893 1449 936 esse
1494 872 1608 956 qui
1651 871 1810 935 felix
1854 873 2113 955 potest?
2266 888 2373 937 445

342 978 500 1024 ΤΗΥ.
546 958 710 1024 Mihi
755 961 937 1026 crede
947 1010 966 1044 ‚
1007 960 1188 1026 falsis
1234 982 1470 1046 magna
1513 960 1885 1025 nominibus
1930 961 2206 1044 placent,

337 1049 581 1113 frustra
624 1049 935 1113 timentur
981 1050 1153 1113 dura.
1246 1050 1400 1113 dum
1447 1049 1734 1113 excelsus
1780 1049 1958 1133 steti,

340 1158 695 1221 numquam
741 1159 973 1220 pavere
1019 1137 1237 1202 destiti
1282 1142 1476 1221 atque
1522 1138 1735 1221 ipsum
1780 1138 1909 1202 mei

341 1226 583 1289 ferrum
628 1226 854 1290 timere
899 1226 1134 1290 lateris.
1228 1247 1266 1289 0
1315 1229 1630 1309 quantum
1676 1226 1919 1290 bonum
1966 1230 2063 1290 est

342 1313 600 1379 obstare
644 1314 834 1396 nulli,
881 1334 1107 1397 capere
1154 1335 1408 1379 securas
1455 1315 1649 1398 dapes
2270 1331 2377 1379 450

338 1401 527 1466 humi
570 1402 908 1466 iacentem!
957 1402 1195 1466 scelera
1239 1424 1374 1466 non
1419 1403 1664 1467 intrant
1709 1423 1914 1484 casas,

340 1494 650 1574 tutusque
694 1512 915 1555 mensa
962 1491 1214 1574 capitur
1258 1496 1533 1577 angusta
1579 1492 1788 1575 cibus3

343 1601 661 1644 venenum
708 1581 777 1643 in
823 1601 980 1644 auro
1025 1579 1272 1644 bibitur
1313 1617 1389 1626 —
1432 1583 1734 1663 expertus
1778 1581 2037 1662 loquor:

343 1668 579 1732 malam
627 1668 833 1732 bonae
881 1668 1200 1752 praeferre
1244 1668 1572 1732 fortunam
1618 1669 1787 1732 licet.

339 1777 476 1820 non
518 1758 754 1822 vertice
799 1756 917 1820 alti
961 1758 1201 1821 montis
1246 1757 1617 1840 impositam
1666 1758 1927 1821 domum
2269 1772 2375 1820 455

340 1849 408 1909 et
453 1845 839 1910 eminentem
887 1846 1112 1910 civitas
1157 1846 1423 1909 humilis
1468 1846 1688 1910 tremit

341 1954 462 1997 nec
504 1933 715 2019 fulget
759 1935 907 1999 altis
953 1934 1359 2018 splendidum
1404 1934 1594 1999 tectis
1640 1934 1799 1998 ebur

342 2043 732 2107 somnosque
777 2044 910 2088 non
954 2023 1239 2088 defendit
1282 2022 1620 2088 excubitor
1662 2043 1868 2106 meos;

342 2132 477 2175 non
524 2111 832 2177 classibus
878 2114 1202 2196 piscamur
1248 2117 1311 2177 et
1356 2117 1528 2177 retro
1576 2134 1750 2176 mare

340 2200 512 2263 iacta
554 2199 856 2285 fugamus
901 2201 1072 2265 mole
1115 2222 1235 2265 1100
1279 2204 1569 2266 ventrem
1616 2201 1984 2284 improbum
2270 2215 2375 2264 460

340 2288 575 2352 alimus
620 2288 865 2352 tributo
914 2290 1231 2374 gentium,
1276 2290 1494 2354 nullus
1531 2289 1703 2367 ¹mihi

339 2377 515 2440 ultra
563 2375 756 2441 Getas
803 2381 1081 2441 metatur
1126 2382 1191 2442 et
1234 2377 1511 2443 Parthos
1558 2400 1737 2463 ager3

340 2487 476 2529 non
520 2468 663 2530 ture
710 2466 983 2529 colimur
1026 2488 1143 2530 1100
1188 2489 1369 2530 meae
1414 2466 1673 2531 excluso
1720 2465 1875 2531 Iove

343 2558 655 2619 ornantur
698 2576 870 2640 arae3
915 2554 1095 2618 nulla
1140 2555 1531 2620 culminibus
1578 2557 1737 2619 meis

342 2645 648 2728 imposita
692 2647 880 2707 nutat
927 2644 1087 2707 silva
1131 2664 1251 2708 nec
1293 2644 1549 2708 fumant
1593 2667 1790 2707 manu
2271 2657 2378 2705 465

342 2754 646 2797 succensa
691 2734 896 2796 multa
943 2736 1170 2818 stagna
1215 2754 1335 2797 nec
1381 2754 1607 2796 somno
1657 2733 1790 2796 dies

341 2822 727 2904 Bacchoque
773 2842 904 2884 nox
949 2821 1272 2907 iungenda
1317 2821 1619 2906 pervigili
1665 2822 1877 2885 datur:

342 2911 455 2975 sed
499 2928 633 2974 non
677 2910 998 2993 timemur,
1043 2913 1185 2980 tuta
1232 2911 1368 2974 sine
1413 2910 1544 2974 telo
1592 2913 1690 2972 est
1735 2909 1963 2972 domus

340 3000 661 3081 rebusque
707 2999 920 3080 parvis
965 3020 1201 3084 magna
1246 3002 1609 3082 praestatur
1655 2997 1835 3079 quies
1879 3032 1955 3041 --

341 3089 624 3151 immane
669 3108 940 3172 regnum
988 3091 1108 3151 est·
1130 3108 1319 3170 posse
1367 3088 1503 3151 sine
1547 3106 1748 3171 regno
1796 3085 1950 3168 pati.
2272 3099 2378 3147 470

342 3194 548 3241 ΤΑΝΤ.
594 3173 735 3240 Νο0
778 3176 1217 3258 abnuendum,
1264 3176 1320 3239 si
1367 3177 1477 3240 dat
1521 3174 1864 3258 imperium
1912 3173 2094 3257 deus,

484 3337 591 3386 440
619 3332 797 3386 Vince
825 3334 939 3384 Λα)
975 3331 1242 3401 peruince
1269 3350 1309 3387 τ
1335 3335 1355 3401 u
1382 3337 1485 3385 443
1523 3337 1695 3387 totum
1721 3347 1768 3384 v.
1807 3329 2067 3399 Thyestae
2094 3329 2382 3383 continuat

342 3405 420 3457 N.
451 3404 724 3458 Heinsius
751 3421 810 3472 p.
841 3408 915 3458 40
952 3404 1222 3472 (potestas
1251 3403 1426 3469 nulla,
1466 3403 1533 3471 si)
1562 3405 1581 3471 11
1608 3406 1715 3454 452
1752 3403 2017 3469 totusque
2052 3406 2095 3452 E
2123 3401 2275 3468 {1454
2312 3397 2381 3450 li—

338 3475 440 3527 bet
474 3475 553 3527 N.
585 3474 854 3528 Heinsius
882 3491 940 3542 p.
971 3478 1045 3528 40
1097 3476 1117 3542 ΙΙ
1170 3479 1273 3527 457
1332 3491 1445 3528 11011
1481 3473 1664 3543 fulget
1709 3475 1823 3524 A(v)
1878 3474 1897 3540 11
1951 3476 2057 3524 466
2110 3486 2225 3523 11011
2270 3473 2316 3520 A
2362 3472 2382 3537 ΙΙ

338 3547 449 3596 462
475 3542 708 3594 metitur
734 3547 780 3594 A
806 3547 825 3612 ΙΙ
852 3549 954 3597 467
986 3544 1243 3597 ducenda
1272 3549 1318 3596 A
1345 3548 1364 3614 ΙΙ
1391 3550 1495 3598 469
1522 3562 1564 3596 r.
1586 3562 1639 3613 p.
1671 3542 1790 3596 alta
1817 3547 1863 3594 A
1890 3545 1909 3612 n
1936 3547 2034 3595 471
2062 3540 2189 3594 abn.
2221 3541 2308 3592 est
2334 3545 2377 3591 E
