2658 4117
1088 692 1719 765 PERSONAE

1194 876 1219 920 I
1265 874 1628 921 HERCVLES

1170 982 1222 1027 II
1268 981 1433 1028 IOLE

1266 1070 1481 1115 DEIAN
1488 1071 1606 1116 IRA

1142 1176 1221 1220 III
1265 1176 1534 1221 NVTRIX

1266 1264 1600 1309 ALCMENA

1150 1370 1223 1415 IV
1269 1370 1543 1417 HYLLVS

1265 1458 1569 1505 NVNTIVS

1267 1546 1516 1593 LICHAS

1266 1635 1752 1683 PHILOCTETES
1777 1533 1804 1699 }
1848 1591 2080 1638 TACITI

763 1760 1033 1809 CHORVS
1081 1762 1106 1807 I
1163 1732 1667 1807 OE'CHALIARVM
1714 1760 2057 1807 VIRGINVM

763 1868 1034 1915 CHORVS
1058 1870 1109 1914 II
1163 1867 1596 1914 AETOLARVM
1643 1867 2012 1913 MVLIERVM

765 1973 1031 2020 SCAENA
1083 1975 1108 2019 I
1162 1975 1235 2019 IN
1281 1973 1561 2020 EVBOEA
1608 1972 1861 2020 INSVLA

766 2079 1030 2126 SCAENA
1056 2082 1106 2126 ΙΙ
1164 2080 1515 2126 TRACHINE
1564 2081 1798 2140 ATQVE
1842 2081 1915 2126 IN
1955 2080 2140 2127 ΟΕΤΑ
2178 2080 2423 2127 MONTE

398 2542 486 2581 Ille
515 2544 666 2580 autem
693 2540 744 2579 in
773 2540 919 2578 altera
945 2538 1214 2588 tragoediae
1242 2542 1372 2587 parte
1401 2549 1455 2578 ea
1483 2538 1736 2589 desiderat,
1776 2550 1892 2587 quae
1920 2539 2100 2590 ingenii
2128 2543 2174 2578 ct
2202 2541 2425 2580 sermonis

398 2594 642 2633 Annaeani
669 2593 867 2632 maxime
894 2593 1083 2640 propria
1110 2596 1162 2632 ut
1189 2593 1239 2632 in
1267 2593 1434 2632 ceteris
1461 2593 1725 2640 philosophi
1755 2594 1970 2640 operibus
1999 2593 2065 2633 sic
2093 2593 2144 2632 in
2169 2593 2426 2643 tragoediis

399 2647 570 2696 ubique
606 2647 847 2694 perspicue
884 2648 1158 2696 appareant,
1201 2646 1522 2685 antitheticam
1559 2644 1662 2685 dico
1703 2646 1927 2686 orationis
1965 2647 2342 2694 compositionem
2379 2651 2425 2686 et

400 2711 652 2740 sermonem
695 2699 853 2739 stoicis
896 2700 1138 2739 sententiis
1177 2699 1476 2739 illustratum.
1541 2699 1603 2737 Et
1644 2704 1768 2739 recte
1806 2700 1989 2748 quidem
2028 2710 2306 2748 quamquam
2342 2699 2425 2740 ille

401 2753 663 2795 observavit
699 2754 747 2792 in
785 2752 938 2800 priore
974 2752 1240 2801 tragoediae
1267 2755 1401 2800 parte
1427 2752 1513 2791 illa
1540 2754 1764 2793 orationis
1805 2756 1853 2791 et
1890 2753 2220 2792 sententiarum
2248 2753 2427 2793 lumina

399 2808 688 2855 frequentius
725 2806 1006 2854 deprehendi
1042 2817 1179 2854 quam
1206 2807 1257 2844 in
1287 2807 1454 2856 altera,
1482 2809 1637 2845 tamen
1664 2807 1714 2846 in
1742 2808 1827 2846 hoc
1857 2816 2038 2854 quoque
2065 2811 2215 2855 neqiie
2238 2816 2426 2852 prorsus

400 2861 566 2900 desunt
593 2860 669 2910 (cf.
699 2861 805 2900 1465
833 2860 934 2899 coll.
955 2859 1046 2910 975,
1074 2861 1192 2909 1170,
1220 2861 1337 2910 1607,
1368 2861 1486 2909 1763,
1515 2861 1641 2909 1840,
1670 2862 1797 2910 1847;
1824 2858 1997 2900 stoicae
2025 2861 2199 2912 γνῶμαι
2228 2859 2426 2908 singulis

399 2914 608 2953 versibus
652 2917 899 2960 conceptae
940 2924 1034 2952 non
1074 2912 1397 2964 inveniuntur,
1445 2916 1493 2952 at
1534 2913 1686 2952 hercle
1727 2916 1828 2954 tota
1867 2913 1953 2952 illa
1992 2912 2232 2952 morientis
2272 2913 2426 2953 herois

400 2965 650 3014 descriptio
688 2977 769 3014 per
805 2969 884 3007 300
910 2977 1071 3006 versus
1109 2966 1379 3005 continuata
1416 2968 1613 3005 mentem
1648 2977 1755 3006 vere
1784 2966 1977 3007 stoicam
2005 2966 2173 3004 mirum
2202 2969 2427 3013 quantum

401 3019 579 3071 spirat),
605 3030 753 3067 neque
782 3020 821 3059 si
841 3020 1050 3060 deessent
1070 3020 1315 3067 quiequam
1345 3019 1461 3058 certi
1474 3018 1532 3058 de
1551 3021 1757 3060 auct-oris
1785 3019 2051 3067 quaestione
2080 3020 2223 3058 statui
2251 3022 2428 3069 posset;

399 3075 499 3111 tum
528 3073 709 3112 demum
736 3072 952 3112 nimirum
980 3077 1145 3112 auctor
1170 3073 1307 3112 huius
1337 3073 1523 3112 fabulae
1551 3073 1697 3121 partis
1734 3073 1944 3113 diversus
1982 3083 2010 3111 a
2038 3071 2310 3119 philosopho
2345 3073 2426 3111 ha-

400 3125 577 3164 bendus
604 3125 861 3166 necessario
889 3129 1020 3176 esset,
1049 3126 1088 3165 si
1117 3138 1221 3165 cum
1250 3126 1349 3167 eius
1382 3125 1568 3165 dicendi
1596 3126 1915 3175 sentiendique
1951 3125 2131 3165 ratione
2169 3125 2427 3174 pugnantia

400 3178 661 3228 legentibus
707 3182 1006 3219 occurrerent.
1072 3179 1198 3227 Quae
1235 3190 1340 3218 cum
1376 3179 1445 3218 ita
1481 3180 1587 3228 sint,
1614 3180 1665 3218 in
1702 3190 1755 3220 ea
1783 3179 2126 3229 disquisitionis
2153 3178 2252 3227 via,
2290 3189 2427 3226 quam

399 3230 627 3271 Melzerus
654 3232 889 3280 ingressus
917 3236 998 3283 est,
1027 3243 1080 3272 eo
1108 3233 1257 3282 magis
1276 3233 1656 3279 proficiscendum
1685 3243 1783 3272 esse
1810 3233 1926 3272 viris
1955 3232 2105 3274 doctis
2133 3241 2308 3279 censeo,
2337 3242 2427 3279 quo

400 3285 573 3324 maiore
600 3285 941 3332 probabilitatis
970 3285 1121 3333 specie
1147 3285 1203 3325 A.
1237 3285 1411 3327 Hosius
1448 3286 1686 3336 (Fleckeis.
1717 3286 1869 3325 annal.
1907 3285 2136 3332 Supplem.
2177 3286 2227 3324 19
2267 3285 2427 3333 [1893],

400 3348 444 3383 p.
474 3338 591 3390 286),
632 3338 687 3377 A.
716 3339 953 3378 Lucanum
990 3339 1038 3377 in
1066 3339 1306 3379 Pharsalia
1344 3339 1659 3386 componenda
1688 3351 1792 3379 cum
1820 3342 1994 3378 ceteras
2023 3338 2221 3377 Senecae
2247 3341 2428 3386 tragoe-

401 3390 504 3430 dias
530 3393 630 3430 tum
657 3391 901 3431 Herculem
918 3392 1135 3432 Oetaeum
1164 3395 1272 3431 ante
1291 3392 1450 3432 oculos
1469 3392 1685 3431 habuisse
1713 3395 1759 3431 et
1776 3392 1829 3430 in
1845 3403 1979 3431 usum
2009 3390 2288 3431 convertisse
2307 3401 2428 3430 com-

400 3444 641 3490 paratione
662 3444 895 3484 subtiliter
911 3445 1128 3484 instituta
1143 3445 1492 3485 demonstravit.
1535 3445 1742 3485 Unitatis
1771 3444 2032 3484 defensores
2062 3444 2201 3483 etiam
2230 3444 2428 3483 extitere

403 3496 452 3536 Ο.
472 3497 678 3536 Ribbeck
706 3497 845 3547 (Hist.
872 3509 992 3545 poes.
1013 3498 1143 3538 Rom.
1162 3498 1239 3536 111
1257 3499 1340 3550 69),
1360 3497 1414 3537 A.
1436 3498 1728 3546 Steinberger
1748 3496 2181 3548 (Commentationes
2198 3496 2428 3536 Guilelmo

403 3548 652 3640 {lg9gclt1111-{st
691 3549 928 3641 dedicatae
966 3553 1069 3591 1891
1106 3563 1148 3598 p.
1188 3552 1306 3603 188),
1347 3551 1486 3591 Mich.
1524 3551 1707 3602 Mtiller,
1741 3551 1793 3590 in
1830 3551 1931 3591 Sen.
1961 3555 2078 3604 trag.
2113 3553 2294 3598 quaest.
2325 3549 2431 3590 crit.

617 3613 679 3640 sis
732 3633 739 3640 .
