2658 4117
1117 238 1425 294 OEDIPVS
2153 240 2281 305 223

261 391 438 452 vates
485 387 724 450 amictu
772 406 1002 468 corpus
1050 389 1114 449 et
1157 385 1449 449 frondem
1498 384 1723 467 quatit.

260 476 553 562 lugubris
600 477 762 538 imos
807 473 980 558 palla
1025 474 1356 557 perfundit
1399 475 1619 557 pedes,

262 566 594 649 squalente
641 563 820 627 cultu
866 567 1145 628 maestus
1192 564 1549 648 ingreditur
1595 585 1816 646 senex,

260 653 594 718 mortifera
641 674 864 717 canam
909 656 1096 717 taxus
1144 652 1487 737 adstringit
1533 654 1800 717 comam.
2179 668 2281 717 555

258 745 448 828 nigro
494 741 789 806 bidentes
838 741 1070 805 vellere
1116 745 1307 825 atque
1355 746 1528 805 atrae
1575 740 1770 806 boves

260 834 431 896 intro
478 832 838 896 trahuntur.
930 830 1189 893 flamma
1232 831 1576 913 praedatur
1620 831 1841 925 dapes,

260 923 607 1004 vivumque
653 919 933 1003 trepidat
978 919 1127 1004 igne
1173 919 1358 982 ferali
1401 940 1611 1002 pecus.

262 1013 451 1076 vocat
499 1009 645 1072 inde
692 1029 909 1072 manes
955 1011 1148 1090 teque
1195 1009 1307 1090 qui
1354 1030 1573 1072 manes
1617 1009 1789 1093 regis

261 1103 326 1163 et
373 1098 773 1162 obsidentem
821 1097 1099 1160 claustra
1142 1096 1409 1160 Lethaei
1454 1096 1660 1180 lacuS,
2182 1114 2284 1162 560

262 1208 643 1270 carmenque
687 1187 1010 1271 magicum
1057 1185 1260 1249 volvit
1306 1189 1372 1250 et
1416 1185 1638 1249 rabido
1686 1186 1902 1250 minax

263 1278 556 1341 decantat
605 1297 712 1339 ore
760 1275 1064 1358 quicquid
1109 1279 1220 1339 aut
1264 1276 1477 1358 placat
1522 1274 1694 1339 leves

261 1370 375 1430 aut
421 1364 595 1450 cogit
639 1364 928 1446 umbras3
974 1364 1353 1448 sanguinem
1398 1362 1561 1428 libat
1604 1364 1766 1428 focis

263 1455 625 1537 solidasque
671 1453 944 1537 pecudes
990 1453 1123 1517 urit
1170 1455 1232 1516 et
1278 1451 1485 1516 multo
1535 1474 1793 1536 specum

263 1547 509 1609 saturat
554 1563 804 1625 cruore3
851 1540 1013 1604 libat
1059 1546 1124 1605 et
1167 1541 1427 1605 niveum
1473 1542 1734 1626 insuper
2182 1558 2283 1606 565

262 1633 449 1696 lactis
495 1632 842 1715 liquorem,
886 1630 1102 1694 fundit
1148 1634 1212 1695 et
1256 1629 1582 1694 Bacchum
1629 1653 1823 1694 manu

263 1723 445 1785 laeva
492 1721 790 1802 canitque
835 1741 1054 1783 rursus
1102 1741 1177 1785 ac
1222 1723 1457 1784 terram
1505 1721 1760 1783 intuens

266 1810 558 1894 graviore
604 1830 823 1873 manes
871 1830 1025 1873 voce
1073 1812 1138 1872 et
1183 1808 1459 1873 attonita
1504 1809 1675 1872 citat.

264 1900 529 1962 latravit
573 1897 848 1962 Hecates
893 1897 1109 1982 turba3
1157 1902 1255 1961 ter
1299 1899 1497 1961 valles
1546 1918 1734 1961 cavae

267 2008 535 2052 sonuere
580 1991 922 2070 maestum,
966 1990 1105 2051 tota
1151 2007 1451 2050 succusso
1499 1987 1636 2050 solo
2184 2001 2287 2051 570

267 2078 525 2161 pulsata
568 2077 776 2141 tellus.
871 2076 1142 2141 ‘audior'
1191 2080 1368 2140 vates
1415 2076 1532 2158 ait,

268 2167 431 2229 ‘rata
475 2167 670 2230 verba
715 2165 879 2228 fudi:
925 2166 1249 2248 rumpitur
1296 2186 1552 2229 caecum
1600 2164 1792 2229 chaos

268 2255 518 2338 iterque
564 2254 822 2338 populis
869 2253 1040 2318 Ditis
1088 2254 1169 2317 ad
1216 2275 1480 2337 superos
1526 2254 1753 2318 datur'.

269 2344 555 2408 subsedit
602 2342 813 2407 omnis
860 2343 1021 2406 silva
1068 2347 1132 2408 et
1178 2344 1379 2407 erexit
1425 2364 1665 2427 comaS,

269 2432 505 2497 duxere
549 2432 745 2496 rimas
789 2431 1022 2496 robora
1068 2436 1132 2496 et
1177 2435 1389 2496 totum
1434 2454 1659 2496 nemus
2186 2448 2286 2496 575

269 2523 593 2586 concussit
638 2523 885 2603 horror,
931 2525 1101 2585 terra
1147 2543 1215 2585 se
1260 2526 1431 2585 retro
1479 2521 1654 2584 dedit

269 2612 647 2695 gemuitque
691 2611 973 2693 penitus:
1021 2611 1153 2674 sive
1198 2610 1501 2693 temptari
1548 2610 1838 2674 abditum

269 2698 569 2763 Acheron
614 2699 1004 2782 profundum
1050 2703 1265 2762 mente
1310 2720 1441 2762 non
1487 2721 1691 2782 aequa
1735 2700 1912 2783 tulit,

273 2788 407 2853 sive
454 2788 594 2871 ipsa
640 2788 861 2870 tellus,
905 2792 979 2851 ut
1026 2787 1204 2851 daret
1247 2788 1486 2852 functis
1533 2788 1729 2870 viam,

270 2898 584 2961 compage
630 2881 819 2959 rupta
857 2877 1099 2959 sonuit3
1147 2881 1257 2941 aut
1301 2878 1399 2941 ira
1442 2877 1660 2941 furens
2186 2891 2289 2940 580

276 2967 513 3049 triceps
562 2969 818 3031 catenas
866 2963 1177 3030 Cerberus
1223 2967 1428 3030 movit
1474 2986 1715 3050 graves.

414 3181 518 3228 552
555 3175 810 3229 frondem
846 3176 998 3244 rapit
1037 3176 1373 3241 Koetschau,
1419 3177 1685 3231 translato
1725 3181 1851 3243 post
1895 3176 2040 3228 hunc
2083 3191 2291 3228 tersum

266 3263 314 3301 v.
346 3250 631 3316 55511557
672 3249 833 3301 antro
870 3253 912 3298 Ε
959 3250 1108 3301 retro
1145 3252 1190 3298 A
1227 3264 1361 3302 corr
1395 3248 1478 3300 M.
1512 3248 1722 3301 Mu‘ller
1752 3264 1808 3315 p
1841 3250 1912 3300 35
1948 3246 2016 3312 ef.
2051 3264 2097 3300 υ.
2131 3250 2237 3299 564
2275 3247 2292 3314 ΙΙ

270 3323 372 3372 560
411 3317 601 3385 Teque
630 3318 744 3372 obs.
779 3318 1010 3388 Bentley
1043 3321 1050 3387 Ι
1083 3318 1270 3373 letalis
1306 3319 1463 3372 lacus
1492 3337 1548 3373 ω
1579 3319 1726 3388 (loct.
1757 3322 1821 3387 E)
1850 3333 1983 3372 corr
2015 3318 2090 3371 N.
2112 3316 2289 3370 Hein-

266 3391 384 3444 sius
419 3393 610 3447 v.174
653 3392 672 3458 ΙΙ
718 3395 820 3443 563
857 3389 1059 3459 irrigat
1097 3389 1324 3459 sanguis
1364 3389 1517 3443 focos
1555 3395 1600 3441 A
1645 3393 1662 3458 11
1712 3394 1814 3442 567
1855 3392 1913 3442 et
1948 3392 2155 3442 terram
2192 3392 2237 3438 A
2266 3390 2291 3456 u

268 3466 371 3515 568
411 3460 524 3514 ciet
561 3466 633 3512 Av
667 3463 687 3529 ΙΙ
715 3466 818 3513 569
854 3477 956 3530 per
991 3461 1164 3514 valles
1203 3477 1368 3514 cavas
1404 3467 1446 3513 E
1475 3463 1493 3529 ΙΙ
1522 3466 1625 3513 574
1665 3461 1917 3514 subsedit
1953 3479 2009 3515 ω
2052 3458 2293 3513 subsidit

271 3532 439 3601 (quod
485 3531 627 3585 idem
664 3536 761 3598 est)
801 3531 914 3587 Leo
962 3548 1083 3586 cum
1125 3533 1400 3587 Gronovio
1432 3534 1439 3600 Ι
1473 3548 1689 3586 comam
1726 3538 1771 3584 A
1821 3535 1838 3602 ΙΙ
1894 3537 1998 3585 576
2034 3532 2186 3585 unda
2235 3546 2292 3584 se

270 3602 500 3673 Bentley
536 3604 652 3658 coll.
683 3620 729 3657 v.
762 3606 875 3658 582
