2658 4117
1102 268 1436 328 TROADES
2192 281 2276 344 83

257 418 583 502 Polyxene
628 418 1013 501 miseranda,
1059 440 1253 501 quam
1298 421 1467 484 tradi
1513 421 1637 485 sibi

257 509 663 590 cineremque
708 505 995 571 Achilles
1041 512 1189 572 ante
1234 510 1502 573 mactari
1549 532 1731 574 suum
1743 562 1761 594 ,

256 617 485 680 campo
531 596 799 660 maritus
844 600 919 659 ut
965 596 1049 660 sit
1092 596 1350 681 Elysio,
1395 599 1589 662 iubet.

255 703 465 749 ANDR.
502 684 668 749 Vide
695 688 769 747 ut
796 685 1046 748 animus
1074 685 1301 771 ingens
1329 687 1536 751 laetus
1565 689 1837 754 audierit
1865 711 2102 754 necem.
2177 707 2279 755 945

257 775 468 838 cultus
513 774 777 838 decoros
822 774 1034 858 regiae
1083 775 1275 839 vestis
1321 775 1487 858 petit

256 868 322 929 et
366 863 692 927 admoveri
740 862 1022 926 crinibus
1068 864 1312 945 patitur
1357 886 1636 930 manum.

256 955 528 1016 mortem
575 951 847 1035 putabat
890 951 1079 1034 illud,
1125 951 1250 1016 hoc
1294 953 1613 1018 thalamos
1659 959 1860 1037 putat.

257 1046 325 1105 at
368 1041 601 1104 misera
645 1042 826 1104 luctu
871 1043 1077 1103 mater
1122 1041 1341 1105 audito
1390 1045 1634 1126 stupet3

252 1130 572 1194 labefacta
616 1150 798 1192 mens
845 1129 1200 1192 succubuit.
1291 1151 1580 1216 assurge,
1626 1133 1833 1196 alleva
2172 1151 2276 1200 950

254 1219 541 1283 animum
589 1222 654 1283 et
700 1216 1057 1300 cadentem,
1102 1219 1359 1302 misera,
1405 1219 1589 1283 firma
1635 1222 1948 1304 spiritum.

256 1328 451 1390 quam
498 1307 711 1371 tenuis
755 1306 968 1369 anima
1012 1307 1273 1371 vinculo
1321 1309 1558 1391 pendet
1599 1311 1729 1373 levi
1773 1348 1862 1357 —

251 1397 590 1459 minimum
638 1399 736 1460 est
782 1396 952 1479 quod
998 1394 1332 1460 Hecubam
1378 1397 1585 1462 facere
1630 1398 1882 1464 felicem
1930 1404 2159 1483 potest.

255 1485 483 1568 spirat,
527 1483 776 1548 revixit.
868 1483 1074 1566 prima
1119 1506 1291 1549 mors
1340 1487 1606 1550 miseros
1650 1488 1837 1572 fugit.

382 1590 539 1638 HEC.
576 1571 808 1636 Adhuc
834 1570 1119 1636 Achilles
1156 1574 1317 1638 vivit
1353 1575 1421 1637 in
1458 1596 1696 1658 poenas
1736 1577 2111 1663 Phrygum?
2171 1593 2274 1642 955

256 1663 466 1727 adhuc
510 1661 820 1726 rebellat?
869 1683 906 1724 o
953 1683 1213 1726 manum
1261 1662 1509 1727 Paridis
1554 1665 1777 1730 levem.

253 1752 415 1816 cinis
460 1752 598 1834 ipse
644 1754 937 1814 nostrum
984 1753 1360 1835 sanguinem
1406 1774 1481 1816 ac
1526 1755 1813 1818 tumulus
1861 1755 2011 1818 sitit.

255 1841 448 1904 modo
494 1840 685 1904 turba
730 1839 887 1903 felix
930 1839 1131 1904 latera
1178 1840 1479 1926 cingebat
1524 1864 1692 1925 mea,

252 1929 538 1993 lassabar
582 1929 651 1992 in
697 1932 797 1992 tot
843 1929 1061 1992 oscula
1107 1933 1171 1993 et
1216 1933 1467 1994 tantum
1515 1952 1777 2017 gregem

251 2018 528 2083 dividere
573 2021 872 2101 matrem3
918 2019 1053 2081 sola
1098 2039 1269 2083 nunc
1314 2018 1473 2084 haec
1517 2025 1616 2085 est
1661 2042 1852 2105 super
2164 2036 2267 2085 960

251 2112 502 2191 votum,
548 2128 789 2189 comes,
834 2109 1151 2191 levamen,
1197 2108 1474 2173 afflictae
1521 2112 1728 2193 quies=3

252 2196 414 2261 haec
458 2200 635 2260 totus
682 2195 986 2259 Hecubae
1031 2197 1228 2280 fetus,
1274 2198 1396 2262 hac
1442 2200 1578 2262 sola
1622 2220 1819 2263 vocor

250 2286 378 2348 iam
426 2305 581 2350 voce
626 2289 845 2349 mater.
938 2286 1095 2349 dura
1142 2290 1207 2349 et
1251 2287 1476 2351 infelix
1523 2309 1642 2372 age

250 2374 503 2439 elabere
548 2375 796 2461 anima,
834 2374 1107 2456 denique
1153 2375 1280 2439 hoc
1324 2398 1524 2440 unum
1570 2376 1731 2440 mihi

244 2463 502 2528 remitte
546 2463 756 2527 funus.
847 2463 1086 2548 inrigat
1132 2464 1319 2527 fletus
1368 2486 1563 2549 genas
2165 2481 2266 2529 965

244 2553 577 2635 imberque
622 2552 795 2616 victo
843 2552 1093 2616 subitus
1140 2575 1175 2616 e
1220 2554 1407 2617 vultu
1453 2554 1638 2617 cadit.

240 2659 451 2705 ANDR.
480 2639 618 2705 Nos
636 2639 920 2724 Hecuba,
939 2662 1074 2724 nos,
1092 2662 1229 2724 nos,
1247 2640 1534 2725 Hecuba,
1551 2643 1865 2728 lugendae
1891 2663 2128 2725 sumus,
2157 2658 2260 2705 969

241 2752 402 2812 quas
447 2733 625 2793 mota
669 2730 888 2794 classis
933 2729 1061 2793 huc
1105 2733 1170 2794 et
1214 2731 1343 2794 huc
1389 2754 1637 2815 sparsas
1680 2732 1867 2816 feret3
2155 2747 2259 2795 970

239 2818 411 2883 hanc
458 2840 603 2884 cara
647 2819 839 2883 tellus
888 2820 1142 2883 sedibus
1188 2820 1414 2902 patriis
1461 2824 1653 2905 teget.

240 2925 400 2971 HEL.
447 2906 655 2992 Magis
702 2908 1043 2991 invidebis,
1089 2908 1144 2971 si
1189 2912 1367 2972 tuam
1415 2914 1653 2973 sortem
1702 2910 1879 2973 scies.

239 3014 452 3060 ANDR.
504 2994 613 3060 An
658 2998 875 3079 aliqua
919 3017 1161 3079 poenae
1216 3018 1365 3079 pars
1411 3019 1590 3062 meae
1645 2998 1869 3083 ignota
1914 3001 2010 3061 est
2057 2996 2261 3060 mihi?

240 3103 401 3150 ΗΕΒ.
448 3083 721 3149 Versata
766 3086 1059 3149 dominos
1104 3107 1265 3149 urna
1311 3088 1583 3170 captivis
1634 3087 1824 3150 dedit.

239 3193 451 3238 ANDR.
481 3172 600 3237 Cui
619 3174 861 3238 famula
880 3174 1141 3238 trador?
1165 3175 1310 3259 ede3
1341 3197 1530 3258 quem
1552 3176 1880 3239 dominum
1901 3175 2109 3238 voco?
2157 3190 2259 3238 975

382 3354 489 3401 942
526 3348 911 3419 Polyx(ss)ena
946 3354 1020 3401 Δτ
1063 3350 1082 3416 ΙΙ
1128 3354 1233 3401 950
1272 3348 1574 3403 subcubuit
1609 3356 1651 3401 E
1697 3352 1716 3419 11
1761 3354 1865 3402 959
1908 3350 1968 3401 in
2003 3351 2187 3403 totum
2224 3366 2263 3403 τ

238 3423 296 3473 et
331 3422 516 3474 totum
553 3420 715 3473 Em)
760 3436 895 3474 corr.
924 3421 1037 3475 Leo
1064 3422 1084 3489 ΙΙ
1111 3425 1216 3473 960
1252 3420 1394 3474 haec
1422 3438 1520 3475 om.
1552 3426 1597 3473 Δ
1624 3423 1642 3491 ΙΙ
1669 3425 1772 3473 965
1813 3420 2047 3474 demitte
2075 3426 2117 3473 E
2152 3423 2159 3489 Ι
2192 3436 2262 3473 011

237 3492 390 3561 rigat
426 3492 664 3560 Bentley
704 3493 712 3560 1
751 3493 912 3547 verba
949 3490 1161 3560 inrigat
1180 3524 1247 3531 —
1268 3491 1424 3545 cadit
1459 3492 1876 3547 Andromachae
1912 3491 2010 3545 dat
2045 3492 2259 3560 Perper,

235 3562 493 3617 Hecubae
527 3563 691 3617 verba
727 3579 865 3631 quae
899 3568 1259 3632 sequerentur,
1298 3563 1558 3618 excidisse
1592 3570 1750 3617 ratas
1788 3565 1806 3633 ΙΙ
1848 3568 1968 3616 967.
1999 3568 2103 3615 968
2135 3568 2263 3630 post

236 3650 283 3687 v.
325 3638 437 3688 978
483 3634 700 3688 traiecit
745 3634 969 3689 Richter
1030 3635 1049 3702 ΙΙ
1112 3638 1214 3687 975
1264 3634 1460 3687 tradar
1508 3639 1553 3686 Δ
1603 3636 1611 3703 Ι
1661 3650 1827 3702 quem
1873 3634 1948 3687 ad
1995 3633 2047 3688 d.
2097 3649 2261 3686 vocor

1872 3722 1941 3775 6*
