2658 4117
1065 225 1438 279 'rHYEsTEs
2135 228 2268 291 313

559 371 757 436 flendi
801 370 1049 436 miseris
1099 371 1234 434 dira
1280 369 1512 453 cupido
1560 375 1671 435 est.

559 461 719 525 libet
765 460 1078 525 infaustos
1125 460 1379 523 mittere
1428 464 1716 542 questuS,

558 550 720 614 libet
765 552 830 613 et
865 547 1060 632 Tyrio
1109 552 1357 612 saturas
1405 553 1577 612 ostro
2162 565 2265 613 955

560 659 856 720 rumpere
900 640 1136 718 vesteS,
1180 637 1429 700 ululare
1475 637 1650 700 libet.

694 726 897 790 Mittit
941 726 1152 789 luctus
1201 726 1387 810 signa
1429 726 1631 789 futuri

561 836 769 899 mens,
816 817 963 878 ante
1010 815 1111 878 sui
1156 835 1467 898 praesaga
1511 814 1692 876 mali:

561 904 760 968 instat
803 902 1018 966 nautis
1062 903 1199 966 fera
1242 906 1591 985 tempestas
1601 952 1618 985 ,

560 1014 708 1057 cum
755 992 892 1055 sine
937 994 1129 1055 vento
1175 991 1526 1073 tranquilla
1570 993 1837 1054 tument.
2163 1007 2271 1055 960

695 1078 869 1155 Quos
916 1080 1037 1143 tibi
1080 1081 1295 1143 luctus
1345 1100 1585 1161 quosve
1630 1081 1946 1143 tumultus

562 1169 782 1253 fingis,
829 1169 1134 1232 demens?
1179 1169 1436 1232 credula
1480 1172 1735 1251 praesta

562 1261 824 1341 pectora
867 1257 1077 1321 fratri:
1124 1257 1280 1340 iam,
1329 1256 1637 1339 quicquid
1683 1257 1749 1319 id
1796 1261 1918 1340 est,

562 1349 665 1410 vel
711 1347 848 1410 sine
896 1368 1087 1410 causa
1132 1348 1235 1409 vel
1280 1367 1422 1409 sero
1469 1346 1675 1409 11111188.
2119 1422 2123 1429 ¹

693 1433 868 1498 Nolo
915 1434 1167 1516 infelix,
1215 1435 1326 1497 sed
1372 1455 1574 1519 vagus
1619 1434 1788 1497 intra
2164 1447 2270 1496 965

563 1526 770 1586 terror
815 1522 1094 1604 oberrat,
1141 1521 1390 1586 subitos
1435 1522 1717 1585 fundunt

566 1611 738 1674 oculi
782 1610 998 1692 fletus,
1042 1632 1161 1674 nec
1207 1632 1399 1674 causa
1445 1609 1681 1674 subest.

563 1699 747 1762 dolor
792 1720 876 1761 an
919 1701 1127 1762 metus
1174 1699 1315 1763 est?

565 1809 645 1851 an
691 1786 887 1850 habet
930 1787 1226 1850 lacrimas
1273 1807 1509 1870 magna
1553 1784 1898 1867 voluptas?

804 1960 1153 2027 ATREVS
1226 1960 1468 2026 THYE
1484 1960 1640 2026 STE
1656 1960 1699 2024 S

381 2088 536 2133 ATR.
583 2068 845 2134 Festum
894 2069 1091 2152 diem,
1138 2092 1467 2155 germane,
1512 2090 1829 2133 consensu
1877 2069 2016 2151 pari
2166 2083 2273 2131 970

247 2159 664 2224 celebremus:
711 2158 819 2223 hio
865 2162 989 2240 est,
1035 2161 1286 2240 sceptra
1333 2158 1445 2240 qui
1491 2157 1702 2221 firmet
1745 2179 1888 2220 mea

248 2248 645 2330 solidamque
690 2247 866 2330 pacis
914 2247 1137 2332 alliget
1183 2250 1392 2310 certae
1436 2247 1646 2309 fidem.

250 2354 406 2399 THY.
455 2334 662 2399 Satias
709 2336 890 2419 dapis
937 2358 1040 2399 me
1086 2356 1204 2398 nec
1250 2335 1463 2398 minus
1509 2333 1748 2399 Bacchi
1793 2337 1984 2397 tenet.

248 2446 480 2510 augere
527 2425 822 2488 cumulus
868 2423 977 2488 hic
1022 2425 1421 2506 voluptatem
1469 2426 1710 2505 potest,

248 2514 303 2576 si
349 2535 496 2578 cum
543 2513 701 2576 meis
748 2510 1023 2597 gaudere
1068 2512 1243 2577 felici
1290 2512 1491 2575 datur.
2167 2524 2272 2572 975

246 2619 404 2664 ATR.
450 2600 577 2666 Hic
623 2623 758 2665 esse
802 2605 990 2665 natos
1038 2601 1221 2665 crede
1273 2601 1343 2664 in
1386 2601 1686 2683 amplexu
1733 2600 1950 2682 patris.

246 2689 355 2753 hic
400 2693 551 2753 sunt
596 2693 934 2773 eruntque3
978 2690 1159 2754 1111118
1203 2710 1351 2772 pars
1398 2689 1598 2772 prolis
1643 2692 1791 2751 tuae

247 2779 369 2842 tibi
415 2778 841 2842 subtrahetur.
935 2800 1047 2842 ora
1093 2800 1255 2861 quae
1301 2781 1568 2860 exoptas
1616 2776 1782 2839 dabo

248 2870 587 2949 totumque
631 2867 823 2931 turba
868 2867 995 2930 iam
1043 2889 1160 2930 sua
1205 2866 1488 2948 implebo
1536 2869 1802 2948 patrem.

248 2955 607 3038 satiaberis,
652 2977 733 3019 ne
780 2959 1010 3019 metue.
1101 2975 1273 3018 nunc
1319 2955 1509 3017 mixti
1553 2954 1712 3016 meis
2168 2966 2276 3013 980

247 3044 527 3108 iucunda
571 3066 826 3109 mensae
873 3064 1053 3107 sacra
1097 3043 1397 3107 iuvenilis
1444 3043 1691 3124 colunt3

250 3131 360 3195 sed
406 3132 745 3197 accientur.
837 3134 1143 3216 poculum
1189 3132 1404 3195 infuso
1452 3152 1607 3213 cape

250 3221 489 3305 gentile
534 3220 810 3285 Baccho,
903 3239 1059 3284 THY.
1107 3218 1309 3303 Capio
1356 3220 1673 3283 fraternae
1719 3215 1900 3298 dapis

392 3364 495 3411 955
534 3359 688 3413 libet·
714 3359 766 3413 ei
796 3360 989 3425 Bothe,
1023 3360 1117 3414 sed
1151 3359 1223 3426 cf.
1252 3360 1369 3413 Leo
1405 3360 1446 3412 Ι
1468 3362 1541 3412 67
1581 3360 1600 3427 ΙΙ
1641 3361 1738 3408 961
1776 3372 1827 3422 q.
1858 3356 1897 3407 t.
1928 3353 2119 3407 uultus
2157 3357 2230 3404 At
2255 3354 2277 3422 ΙΙ

250 3435 354 3483 968
391 3432 576 3484 metus
615 3446 687 3484 an
717 3430 877 3485 dolor
904 3433 990 3484 est
1016 3431 1180 3484 Nolte
1208 3430 1365 3484 ZcG
1394 3433 1545 3483 1880
1564 3444 1624 3496 p.
1656 3431 1731 3480 87
1759 3426 1876 3479 coll.
1907 3426 2043 3480 Luc.
2075 3425 2233 3479 1127
2258 3424 2277 3493 ΙΙ

249 3506 348 3553 971
385 3501 483 3568 qui
522 3503 743 3571 sceptra
779 3506 853 3553 At
887 3504 907 3570 ΙΙ
942 3506 1046 3555 973
1085 3500 1256 3554 saties
1292 3503 1515 3570 1111975
1554 3497 1707 3553 felici
1746 3497 1991 3565 gaudere
2027 3500 2100 3547 A*
2138 3498 2274 3564 (exc.

127 3591 133 3597 ·
262 3573 422 3640 Vad.)
452 3574 471 3640 ΙΙ
498 3578 602 3625 978
640 3572 778 3626 hora
814 3578 857 3625 E
894 3574 913 3641 ΙΙ
948 3578 1046 3624 981
1085 3571 1274 3625 colant
1310 3583 1367 3637 ψ
