<?xml version="1.0" encoding="UTF-8"?>
<!DOCTYPE html PUBLIC "-//W3C//DTD XHTML 1.0 Transitional//EN"
    "http://www.w3.org/TR/xhtml1/DTD/xhtml1-transitional.dtd">
<html xmlns="http://www.w3.org/1999/xhtml" xml:lang="en" lang="en">
 <head>
  <title>
</title>
<meta http-equiv="Content-Type" content="text/html;charset=utf-8" />
  <meta name='ocr-system' content='tesseract 3.04.00' />
  <meta name='ocr-capabilities' content='ocr_page ocr_carea ocr_par ocr_line ocrx_word'/>
</head>
<body>
  <div class='ocr_page' id='page_1' title='image "./senecaetragoedi00senegoog_0018.png"; bbox 0 0 2658 4117; ppageno 0'>
   <div class='ocr_carea' id='block_1_1' title="bbox 361 240 1580 297">
    <p class='ocr_par' dir='ltr' id='par_1_1' title="bbox 361 240 1580 297">
     <span class='ocr_line' id='line_1_1' title="bbox 361 240 1580 297; baseline -0.002 0"><span class='ocrx_word' id='word_1_1' title='bbox 361 242 413 297; x_wconf 82' lang='lat' dir='ltr'>X</span> <span class='ocrx_word' id='word_1_2' title='bbox 1170 240 1580 295; x_wconf 83' lang='lat' dir='ltr'><strong>PRAEFATIO</strong></span> 
     </span>
    </p>
   </div>
   <div class='ocr_carea' id='block_1_2' title="bbox 354 391 2394 3666">
    <p class='ocr_par' dir='ltr' id='par_1_2' title="bbox 355 391 2394 3404">
     <span class='ocr_line' id='line_1_2' title="bbox 362 391 2384 470; baseline -0.001 -18"><span class='ocrx_word' id='word_1_3' title='bbox 362 397 576 470; x_wconf 83' lang='lat' dir='ltr'><strong>typum</strong></span> <span class='ocrx_word' id='word_1_4' title='bbox 623 393 885 452; x_wconf 73' lang='lat' dir='ltr'><strong>extitisse</strong></span> <span class='ocrx_word' id='word_1_5' title='bbox 942 393 1185 450; x_wconf 84' lang='lat' dir='ltr'><strong>alterius</strong></span> <span class='ocrx_word' id='word_1_6' title='bbox 1246 391 1553 450; x_wconf 87' lang='lat' dir='ltr'><strong>cuiusdam</strong></span> <span class='ocrx_word' id='word_1_7' title='bbox 1618 391 1859 466; x_wconf 90' lang='lat' dir='ltr'><strong>ordinis,</strong></span> <span class='ocrx_word' id='word_1_8' title='bbox 1922 393 2027 467; x_wconf 92' lang='lat' dir='ltr'><strong>qui</strong></span> <span class='ocrx_word' id='word_1_9' title='bbox 2080 392 2222 450; x_wconf 91' lang='lat' dir='ltr'><strong>licet</strong></span> <span class='ocrx_word' id='word_1_10' title='bbox 2276 409 2384 450; x_wconf 90' lang='lat' dir='ltr'><strong>sua</strong></span> 
     </span>
     <span class='ocr_line' id='line_1_3' title="bbox 362 479 2380 559; baseline -0 -19"><span class='ocrx_word' id='word_1_11' title='bbox 362 482 744 559; x_wconf 83' lang='lat' dir='ltr'><strong>progenuerit</strong></span> <span class='ocrx_word' id='word_1_12' title='bbox 796 482 973 554; x_wconf 84' lang='lat' dir='ltr'><strong>vitia,</strong></span> <span class='ocrx_word' id='word_1_13' title='bbox 1029 480 1133 539; x_wconf 89' lang='lat' dir='ltr'><strong>ubi</strong></span> <span class='ocrx_word' id='word_1_14' title='bbox 1188 482 1482 539; x_wconf 89' lang='lat' dir='ltr'><strong>consentit</strong></span> <span class='ocrx_word' id='word_1_15' title='bbox 1535 499 1672 539; x_wconf 92' lang='lat' dir='ltr'><strong>cum</strong></span> <span class='ocrx_word' id='word_1_16' title='bbox 1726 479 1897 539; x_wconf 84' lang='lat' dir='ltr'><strong>Italis</strong></span> <span class='ocrx_word' id='word_1_17' title='bbox 1957 480 2125 539; x_wconf 92' lang='lat' dir='ltr'><strong>libris</strong></span> <span class='ocrx_word' id='word_1_18' title='bbox 2138 525 2153 555; x_wconf 90' lang='lat'>‚</span> <span class='ocrx_word' id='word_1_19' title='bbox 2207 499 2380 539; x_wconf 82' lang='lat' dir='ltr'><strong>verae</strong></span> 
     </span>
     <span class='ocr_line' id='line_1_4' title="bbox 359 568 2383 648; baseline -0.002 -18"><span class='ocrx_word' id='word_1_20' title='bbox 359 572 629 630; x_wconf 91' lang='lat' dir='ltr'><strong>lectionis</strong></span> <span class='ocrx_word' id='word_1_21' title='bbox 675 570 937 647; x_wconf 84' lang='lat' dir='ltr'><strong>vulgaris</strong></span> <span class='ocrx_word' id='word_1_22' title='bbox 985 570 1370 648; x_wconf 82' lang='lat' dir='ltr'><strong>gravissimus</strong></span> <span class='ocrx_word' id='word_1_23' title='bbox 1418 569 1532 627; x_wconf 88' lang='lat' dir='ltr'><strong>erit</strong></span> <span class='ocrx_word' id='word_1_24' title='bbox 1576 569 1774 643; x_wconf 84' lang='lat' dir='ltr'><strong>testis;</strong></span> <span class='ocrx_word' id='word_1_25' title='bbox 1827 568 1931 626; x_wconf 93' lang='lat' dir='ltr'><strong>ubi</strong></span> <span class='ocrx_word' id='word_1_26' title='bbox 1975 569 2191 643; x_wconf 83' lang='lat' dir='ltr'><strong>differt,</strong></span> <span class='ocrx_word' id='word_1_27' title='bbox 2237 588 2383 628; x_wconf 90' lang='lat' dir='ltr'><strong>non-</strong></span> 
     </span>
     <span class='ocr_line' id='line_1_5' title="bbox 362 651 2380 734; baseline -0.001 -17"><span class='ocrx_word' id='word_1_28' title='bbox 362 677 687 734; x_wconf 85' lang='lat' dir='ltr'><strong>numquam</strong></span> <span class='ocrx_word' id='word_1_29' title='bbox 713 658 1006 718; x_wconf 89' lang='lat' dir='ltr'><strong>Italorum</strong></span> <span class='ocrx_word' id='word_1_30' title='bbox 1033 658 1261 717; x_wconf 90' lang='lat' dir='ltr'><strong>mendis</strong></span> <span class='ocrx_word' id='word_1_31' title='bbox 1287 657 1580 717; x_wconf 88' lang='lat' dir='ltr'><strong>medelam</strong></span> <span class='ocrx_word' id='word_1_32' title='bbox 1617 657 1824 716; x_wconf 89' lang='lat' dir='ltr'><strong>afferre</strong></span> <span class='ocrx_word' id='word_1_33' title='bbox 1858 651 2133 733; x_wconf 89' lang='lat' dir='ltr'><strong>poterit&#39;.</strong></span> <span class='ocrx_word' id='word_1_34' title='bbox 2201 655 2380 715; x_wconf 86' lang='lat' dir='ltr'><strong>Cuius</strong></span> 
     </span>
     <span class='ocr_line' id='line_1_6' title="bbox 359 745 2379 823; baseline -0.002 -16"><span class='ocrx_word' id='word_1_35' title='bbox 359 747 583 807; x_wconf 84' lang='lat' dir='ltr'><strong>ordinis</strong></span> <span class='ocrx_word' id='word_1_36' title='bbox 630 766 764 806; x_wconf 92' lang='lat' dir='ltr'><strong>cum</strong></span> <span class='ocrx_word' id='word_1_37' title='bbox 798 750 1036 823; x_wconf 89' lang='lat' dir='ltr'><strong>praeter</strong></span> <span class='ocrx_word' id='word_1_38' title='bbox 1072 747 1353 805; x_wconf 79' lang='lat' dir='ltr'><strong>Trevethi</strong></span> <span class='ocrx_word' id='word_1_39' title='bbox 1396 746 1615 805; x_wconf 88' lang='lat' dir='ltr'><strong>librum</strong></span> <span class='ocrx_word' id='word_1_40' title='bbox 1651 746 1881 804; x_wconf 91' lang='lat' dir='ltr'><strong>nullum</strong></span> <span class='ocrx_word' id='word_1_41' title='bbox 1928 745 2226 822; x_wconf 81' lang='lat' dir='ltr'><strong>exemplar</strong></span> <span class='ocrx_word' id='word_1_42' title='bbox 2262 764 2379 805; x_wconf 89' lang='lat' dir='ltr'><strong>ser-</strong></span> 
     </span>
     <span class='ocr_line' id='line_1_7' title="bbox 357 834 2379 911; baseline -0.001 -15"><span class='ocrx_word' id='word_1_43' title='bbox 357 839 565 896; x_wconf 83' lang='lat' dir='ltr'><strong>vatum</strong></span> <span class='ocrx_word' id='word_1_44' title='bbox 611 838 708 909; x_wconf 89' lang='lat' dir='ltr'><strong>sit,</strong></span> <span class='ocrx_word' id='word_1_45' title='bbox 757 837 1028 895; x_wconf 86' lang='lat' dir='ltr'><strong>meliores</strong></span> <span class='ocrx_word' id='word_1_46' title='bbox 1075 836 1301 895; x_wconf 87' lang='lat' dir='ltr'><strong>codices</strong></span> <span class='ocrx_word' id='word_1_47' title='bbox 1350 835 1772 895; x_wconf 82' lang='lat' dir='ltr'><strong>Trevethianos</strong></span> <span class='ocrx_word' id='word_1_48' title='bbox 1828 834 2379 911; x_wconf 88' lang='lat' dir='ltr'><strong>circumspiciendos</strong></span> 
     </span>
     <span class='ocr_line' id='line_1_8' title="bbox 359 923 2378 1002; baseline -0.001 -19"><span class='ocrx_word' id='word_1_49' title='bbox 359 926 486 984; x_wconf 84' lang='lat' dir='ltr'><strong>fore</strong></span> <span class='ocrx_word' id='word_1_50' title='bbox 533 928 591 984; x_wconf 94' lang='lat' dir='ltr'><strong>et</strong></span> <span class='ocrx_word' id='word_1_51' title='bbox 649 925 1092 1002; x_wconf 88' lang='lat' dir='ltr'><strong>comparandos.</strong></span> <span class='ocrx_word' id='word_1_52' title='bbox 1195 923 1325 983; x_wconf 87' lang='lat' dir='ltr'><strong>Hac</strong></span> <span class='ocrx_word' id='word_1_53' title='bbox 1380 924 1451 982; x_wconf 94' lang='lat' dir='ltr'><strong>de</strong></span> <span class='ocrx_word' id='word_1_54' title='bbox 1506 942 1685 984; x_wconf 89' lang='lat' dir='ltr'><strong>causa</strong></span> <span class='ocrx_word' id='word_1_55' title='bbox 1741 942 1875 982; x_wconf 85' lang='lat' dir='ltr'><strong>cum</strong></span> <span class='ocrx_word' id='word_1_56' title='bbox 1931 923 2147 982; x_wconf 86' lang='lat' dir='ltr'><strong>codicis</strong></span> <span class='ocrx_word' id='word_1_57' title='bbox 2204 923 2378 981; x_wconf 91' lang='lat' dir='ltr'><strong>Urbi-</strong></span> 
     </span>
     <span class='ocr_line' id='line_1_9' title="bbox 358 1012 2380 1091; baseline -0.001 -19"><span class='ocrx_word' id='word_1_58' title='bbox 358 1015 518 1073; x_wconf 89' lang='lat' dir='ltr'><strong>natis</strong></span> <span class='ocrx_word' id='word_1_59' title='bbox 575 1014 701 1073; x_wconf 85' lang='lat'><strong>355</strong></span> <span class='ocrx_word' id='word_1_60' title='bbox 759 1016 930 1091; x_wconf 90' lang='lat' dir='ltr'><strong>signa</strong></span> <span class='ocrx_word' id='word_1_61' title='bbox 985 1014 1277 1090; x_wconf 83' lang='lat' dir='ltr'>quaedam</span> <span class='ocrx_word' id='word_1_62' title='bbox 1333 1013 1764 1071; x_wconf 85' lang='lat' dir='ltr'><strong>Trevethianae</strong></span> <span class='ocrx_word' id='word_1_63' title='bbox 1820 1012 2066 1090; x_wconf 87' lang='lat' dir='ltr'><strong>originis</strong></span> <span class='ocrx_word' id='word_1_64' title='bbox 2121 1030 2264 1088; x_wconf 91' lang='lat' dir='ltr'><strong>prae</strong></span> <span class='ocrx_word' id='word_1_65' title='bbox 2319 1030 2380 1070; x_wconf 92' lang='lat' dir='ltr'><strong>se</strong></span> 
     </span>
     <span class='ocr_line' id='line_1_10' title="bbox 359 1100 2380 1177; baseline 0 -17"><span class='ocrx_word' id='word_1_66' title='bbox 359 1104 603 1161; x_wconf 89' lang='lat' dir='ltr'><strong>ferentis</strong></span> <span class='ocrx_word' id='word_1_67' title='bbox 668 1103 745 1161; x_wconf 84' lang='lat' dir='ltr'><strong>ad</strong></span> <span class='ocrx_word' id='word_1_68' title='bbox 799 1100 1113 1162; x_wconf 81' lang='lat' dir='ltr'><strong>Octaviam</strong></span> <span class='ocrx_word' id='word_1_69' title='bbox 1175 1103 1457 1161; x_wconf 89' lang='lat' dir='ltr'><strong>lectiones</strong></span> <span class='ocrx_word' id='word_1_70' title='bbox 1531 1120 1637 1177; x_wconf 87' lang='lat' dir='ltr'><strong>per</strong></span> <span class='ocrx_word' id='word_1_71' title='bbox 1701 1101 2172 1161; x_wconf 69' lang='lat' dir='ltr'><strong>Tscmnnnmm</strong></span> <span class='ocrx_word' id='word_1_72' title='bbox 2246 1119 2380 1160; x_wconf 92' lang='lat' dir='ltr'><strong>cum</strong></span> 
     </span>
     <span class='ocr_line' id='line_1_11' title="bbox 358 1190 2379 1265; baseline 0 -17"><span class='ocrx_word' id='word_1_73' title='bbox 358 1191 854 1251; x_wconf 87' lang='lat' dir='ltr'><strong>Weidmanniano</strong></span> <span class='ocrx_word' id='word_1_74' title='bbox 895 1194 1064 1250; x_wconf 85' lang='lat' dir='ltr'><strong>textu</strong></span> <span class='ocrx_word' id='word_1_75' title='bbox 1099 1191 1355 1250; x_wconf 85' lang='lat' dir='ltr'><strong>conferri</strong></span> <span class='ocrx_word' id='word_1_76' title='bbox 1390 1191 1675 1264; x_wconf 91' lang='lat' dir='ltr'><strong>iussisset,</strong></span> <span class='ocrx_word' id='word_1_77' title='bbox 1713 1190 1871 1265; x_wconf 91' lang='lat' dir='ltr'><strong>quod</strong></span> <span class='ocrx_word' id='word_1_78' title='bbox 1917 1190 2061 1249; x_wconf 93' lang='lat' dir='ltr'><strong>olim</strong></span> <span class='ocrx_word' id='word_1_79' title='bbox 2107 1191 2379 1265; x_wconf 87' lang='lat' dir='ltr'><strong>expertus</strong></span> 
     </span>
     <span class='ocr_line' id='line_1_12' title="bbox 362 1278 2379 1355; baseline 0 -17"><span class='ocrx_word' id='word_1_80' title='bbox 362 1284 506 1355; x_wconf 85' lang='lat' dir='ltr'><strong>erat,</strong></span> <span class='ocrx_word' id='word_1_81' title='bbox 534 1279 944 1339; x_wconf 87' lang='lat' dir='ltr'><strong>confirmatum</strong></span> <span class='ocrx_word' id='word_1_82' title='bbox 980 1279 1152 1354; x_wconf 82' lang='lat' dir='ltr'><strong>vidit,</strong></span> <span class='ocrx_word' id='word_1_83' title='bbox 1188 1280 1639 1339; x_wconf 77' lang='lat' dir='ltr'><strong>commentarios</strong></span> <span class='ocrx_word' id='word_1_84' title='bbox 1678 1279 1917 1354; x_wconf 91' lang='lat' dir='ltr'><strong>quidem</strong></span> <span class='ocrx_word' id='word_1_85' title='bbox 1954 1278 2379 1339; x_wconf 82' lang='lat' dir='ltr'><strong>Trevethianos</strong></span> 
     </span>
     <span class='ocr_line' id='line_1_13' title="bbox 358 1367 2379 1445; baseline -0 -19"><span class='ocrx_word' id='word_1_86' title='bbox 358 1369 577 1428; x_wconf 88' lang='lat' dir='ltr'><strong>iterum</strong></span> <span class='ocrx_word' id='word_1_87' title='bbox 621 1371 954 1445; x_wconf 74' lang='lat' dir='ltr'><strong>iterumque</strong></span> <span class='ocrx_word' id='word_1_88' title='bbox 1002 1371 1106 1427; x_wconf 89' lang='lat' dir='ltr'><strong>aut</strong></span> <span class='ocrx_word' id='word_1_89' title='bbox 1150 1369 1324 1445; x_wconf 89' lang='lat' dir='ltr'><strong>plene</strong></span> <span class='ocrx_word' id='word_1_90' title='bbox 1371 1371 1642 1427; x_wconf 83' lang='lat' dir='ltr'><strong>exaratos</strong></span> <span class='ocrx_word' id='word_1_91' title='bbox 1680 1367 1864 1426; x_wconf 77' lang='lat' dir='ltr'><strong>fuisse</strong></span> <span class='ocrx_word' id='word_1_92' title='bbox 1902 1370 2007 1425; x_wconf 87' lang='lat' dir='ltr'><strong>aut</strong></span> <span class='ocrx_word' id='word_1_93' title='bbox 2043 1369 2107 1425; x_wconf 91' lang='lat' dir='ltr'><strong>in</strong></span> <span class='ocrx_word' id='word_1_94' title='bbox 2141 1368 2379 1427; x_wconf 82' lang='lat' dir='ltr'><strong>brevius</strong></span> 
     </span>
     <span class='ocr_line' id='line_1_14' title="bbox 356 1456 2379 1534; baseline 0 -18"><span class='ocrx_word' id='word_1_95' title='bbox 356 1458 628 1517; x_wconf 89' lang='lat' dir='ltr'><strong>redactos</strong></span> <span class='ocrx_word' id='word_1_96' title='bbox 699 1461 758 1517; x_wconf 93' lang='lat' dir='ltr'><strong>et</strong></span> <span class='ocrx_word' id='word_1_97' title='bbox 820 1459 1013 1517; x_wconf 85' lang='lat' dir='ltr'><strong>verbis</strong></span> <span class='ocrx_word' id='word_1_98' title='bbox 1077 1461 1288 1534; x_wconf 90' lang='lat' dir='ltr'><strong>poetae</strong></span> <span class='ocrx_word' id='word_1_99' title='bbox 1353 1457 1712 1533; x_wconf 75' lang='lat' dir='ltr'><strong>adscript08‚</strong></span> <span class='ocrx_word' id='word_1_100' title='bbox 1776 1458 1878 1515; x_wconf 89' lang='lat' dir='ltr'><strong>sed</strong></span> <span class='ocrx_word' id='word_1_101' title='bbox 1940 1458 2031 1516; x_wconf 89' lang='lat' dir='ltr'><strong>ita</strong></span> <span class='ocrx_word' id='word_1_102' title='bbox 2091 1460 2161 1515; x_wconf 93' lang='lat' dir='ltr'><strong>ut</strong></span> <span class='ocrx_word' id='word_1_103' title='bbox 2222 1456 2379 1516; x_wconf 91' lang='lat' dir='ltr'><strong>Italo</strong></span> 
     </span>
     <span class='ocr_line' id='line_1_15' title="bbox 357 1544 2381 1622; baseline -0.001 -17"><span class='ocrx_word' id='word_1_104' title='bbox 357 1549 549 1605; x_wconf 85' lang='lat' dir='ltr'><strong>textui</strong></span> <span class='ocrx_word' id='word_1_105' title='bbox 595 1549 997 1606; x_wconf 82' lang='lat' dir='ltr'><strong>attexerentur</strong></span> <span class='ocrx_word' id='word_1_106' title='bbox 1041 1566 1161 1606; x_wconf 90' lang='lat' dir='ltr'><strong>non</strong></span> <span class='ocrx_word' id='word_1_107' title='bbox 1204 1547 1563 1622; x_wconf 88' lang='lat' dir='ltr'><strong>interpolato</strong></span> <span class='ocrx_word' id='word_1_108' title='bbox 1608 1544 1824 1605; x_wconf 77' lang='lat' dir='ltr'><strong>Gallici</strong></span> <span class='ocrx_word' id='word_1_109' title='bbox 1868 1548 2065 1605; x_wconf 85' lang='lat' dir='ltr'><strong>textus</strong></span> <span class='ocrx_word' id='word_1_110' title='bbox 2110 1546 2381 1605; x_wconf 90' lang='lat' dir='ltr'><strong>lectioni—</strong></span> 
     </span>
     <span class='ocr_line' id='line_1_16' title="bbox 357 1633 2381 1713; baseline -0.001 -19"><span class='ocrx_word' id='word_1_111' title='bbox 357 1635 493 1695; x_wconf 89' lang='lat' dir='ltr'><strong>bus:</strong></span> <span class='ocrx_word' id='word_1_112' title='bbox 558 1637 755 1711; x_wconf 91' lang='lat' dir='ltr'><strong>ipsum</strong></span> <span class='ocrx_word' id='word_1_113' title='bbox 816 1637 1046 1695; x_wconf 85' lang='lat' dir='ltr'><strong>textum</strong></span> <span class='ocrx_word' id='word_1_114' title='bbox 1111 1636 1495 1694; x_wconf 85' lang='lat' dir='ltr'><strong>Trevethiani</strong></span> <span class='ocrx_word' id='word_1_115' title='bbox 1557 1633 1698 1692; x_wconf 88' lang='lat' dir='ltr'><strong>libri</strong></span> <span class='ocrx_word' id='word_1_116' title='bbox 1759 1634 2059 1713; x_wconf 84' lang='lat' dir='ltr'><strong>rarissime</strong></span> <span class='ocrx_word' id='word_1_117' title='bbox 2122 1635 2381 1694; x_wconf 81' lang='lat' dir='ltr'><strong>inveniri</strong></span> 
     </span>
     <span class='ocr_line' id='line_1_17' title="bbox 356 1708 2379 1800; baseline -0 -17"><span class='ocrx_word' id='word_1_118' title='bbox 356 1743 547 1800; x_wconf 91' lang='lat' dir='ltr'><strong>neque</strong></span> <span class='ocrx_word' id='word_1_119' title='bbox 595 1724 668 1783; x_wconf 90' lang='lat' dir='ltr'><strong>ab</strong></span> <span class='ocrx_word' id='word_1_120' title='bbox 713 1725 837 1784; x_wconf 93' lang='lat' dir='ltr'><strong>ullo</strong></span> <span class='ocrx_word' id='word_1_121' title='bbox 883 1742 1166 1799; x_wconf 86' lang='lat' dir='ltr'><strong>umquam</strong></span> <span class='ocrx_word' id='word_1_122' title='bbox 1224 1725 1461 1783; x_wconf 90' lang='lat' dir='ltr'><strong>homine</strong></span> <span class='ocrx_word' id='word_1_123' title='bbox 1510 1708 1842 1782; x_wconf 79' lang='lat' dir='ltr'><strong>accuratius</strong></span> <span class='ocrx_word' id='word_1_124' title='bbox 1900 1722 1977 1782; x_wconf 91' lang='lat' dir='ltr'><strong>ad</strong></span> <span class='ocrx_word' id='word_1_125' title='bbox 2027 1724 2138 1783; x_wconf 90' lang='lat' dir='ltr'><strong>hoc</strong></span> <span class='ocrx_word' id='word_1_126' title='bbox 2192 1742 2379 1799; x_wconf 91' lang='lat' dir='ltr'><strong>usque</strong></span> 
     </span>
     <span class='ocr_line' id='line_1_18' title="bbox 358 1811 2379 1890; baseline -0.001 -19"><span class='ocrx_word' id='word_1_127' title='bbox 358 1816 592 1888; x_wconf 92' lang='lat' dir='ltr'><strong>tempus</strong></span> <span class='ocrx_word' id='word_1_128' title='bbox 648 1831 772 1872; x_wconf 90' lang='lat' dir='ltr'><strong>esse</strong></span> <span class='ocrx_word' id='word_1_129' title='bbox 826 1813 1192 1890; x_wconf 86' lang='lat' dir='ltr'><strong>indagatum.</strong></span> <span class='ocrx_word' id='word_1_130' title='bbox 1293 1813 1453 1872; x_wconf 85' lang='lat' dir='ltr'><strong>Nam</strong></span> <span class='ocrx_word' id='word_1_131' title='bbox 1507 1812 1859 1871; x_wconf 90' lang='lat' dir='ltr'><strong>Urbinatem</strong></span> <span class='ocrx_word' id='word_1_132' title='bbox 1910 1812 2084 1870; x_wconf 91' lang='lat' dir='ltr'><strong>illum</strong></span> <span class='ocrx_word' id='word_1_133' title='bbox 2140 1811 2379 1871; x_wconf 86' lang='lat' dir='ltr'><strong>affinem</strong></span> 
     </span>
     <span class='ocr_line' id='line_1_19' title="bbox 357 1894 2376 1982; baseline 0 -22"><span class='ocrx_word' id='word_1_134' title='bbox 357 1901 770 1980; x_wconf 85' lang='lat' dir='ltr'><strong>Rehdigerano</strong></span> <span class='ocrx_word' id='word_1_135' title='bbox 823 1904 901 1960; x_wconf 84' lang='lat'><strong>12</strong></span> <span class='ocrx_word' id='word_1_136' title='bbox 955 1894 1138 1982; x_wconf 86' lang='lat' dir='ltr'><strong>(nunc</strong></span> <span class='ocrx_word' id='word_1_137' title='bbox 1193 1894 1349 1982; x_wconf 87' lang='lat'>120)</span> <span class='ocrx_word' id='word_1_138' title='bbox 1406 1901 1602 1962; x_wconf 87' lang='lat' dir='ltr'><strong>ordini</strong></span> <span class='ocrx_word' id='word_1_139' title='bbox 1652 1902 1710 1959; x_wconf 86' lang='grc' dir='ltr'><em>Φ</em></span> <span class='ocrx_word' id='word_1_140' title='bbox 1753 1901 1972 1977; x_wconf 90' lang='lat' dir='ltr'><strong>potius,</strong></span> <span class='ocrx_word' id='word_1_141' title='bbox 2026 1920 2201 1977; x_wconf 92' lang='lat' dir='ltr'><strong>quem</strong></span> <span class='ocrx_word' id='word_1_142' title='bbox 2255 1899 2376 1960; x_wconf 93' lang='lat' dir='ltr'><strong>Leo</strong></span> 
     </span>
     <span class='ocr_line' id='line_1_20' title="bbox 361 1989 2377 2067; baseline -0 -18"><span class='ocrx_word' id='word_1_143' title='bbox 361 1990 690 2066; x_wconf 85' lang='lat' dir='ltr'><strong>constituit,</strong></span> <span class='ocrx_word' id='word_1_144' title='bbox 736 1990 1248 2050; x_wconf 90' lang='lat' dir='ltr'><strong>adnumerandum</strong></span> <span class='ocrx_word' id='word_1_145' title='bbox 1292 2009 1419 2049; x_wconf 85' lang='lat' dir='ltr'><strong>esse</strong></span> <span class='ocrx_word' id='word_1_146' title='bbox 1464 2009 1652 2067; x_wconf 94' lang='lat' dir='ltr'><strong>neque</strong></span> <span class='ocrx_word' id='word_1_147' title='bbox 1699 1990 1980 2049; x_wconf 82' lang='lat' dir='ltr'><strong>Trevethi</strong></span> <span class='ocrx_word' id='word_1_148' title='bbox 2024 1989 2244 2047; x_wconf 89' lang='lat' dir='ltr'><strong>librum</strong></span> <span class='ocrx_word' id='word_1_149' title='bbox 2286 2008 2377 2048; x_wconf 92' lang='lat' dir='ltr'><strong>re-</strong></span> 
     </span>
     <span class='ocr_line' id='line_1_21' title="bbox 357 2070 2379 2160; baseline 0 -23"><span class='ocrx_word' id='word_1_150' title='bbox 357 2083 750 2156; x_wconf 87' lang='lat' dir='ltr'><strong>praesentare.</strong></span> <span class='ocrx_word' id='word_1_151' title='bbox 834 2080 1033 2139; x_wconf 91' lang='lat' dir='ltr'><strong>Unum</strong></span> <span class='ocrx_word' id='word_1_152' title='bbox 1088 2080 1566 2157; x_wconf 85' lang='lat' dir='ltr'><strong>Rehdigeranum</strong></span> <span class='ocrx_word' id='word_1_153' title='bbox 1607 2082 1688 2138; x_wconf 91' lang='grc'><strong>14</strong></span> <span class='ocrx_word' id='word_1_154' title='bbox 1738 2072 1921 2160; x_wconf 90' lang='lat' dir='ltr'><strong>(nunc</strong></span> <span class='ocrx_word' id='word_1_155' title='bbox 1963 2070 2117 2160; x_wconf 84' lang='lat'>122)</span> <span class='ocrx_word' id='word_1_156' title='bbox 2170 2098 2379 2155; x_wconf 90' lang='lat' dir='ltr'><strong>quam-</strong></span> 
     </span>
     <span class='ocr_line' id='line_1_22' title="bbox 360 2168 2380 2244; baseline -0 -18"><span class='ocrx_word' id='word_1_157' title='bbox 360 2188 538 2244; x_wconf 89' lang='lat' dir='ltr'><strong>quam</strong></span> <span class='ocrx_word' id='word_1_158' title='bbox 606 2169 753 2227; x_wconf 90' lang='lat' dir='ltr'><strong>satis</strong></span> <span class='ocrx_word' id='word_1_159' title='bbox 811 2171 1106 2228; x_wconf 88' lang='lat' dir='ltr'><strong>recentem</strong></span> <span class='ocrx_word' id='word_1_160' title='bbox 1168 2172 1228 2228; x_wconf 93' lang='lat' dir='ltr'><strong>et</strong></span> <span class='ocrx_word' id='word_1_161' title='bbox 1285 2172 1350 2227; x_wconf 93' lang='lat' dir='ltr'><strong>in</strong></span> <span class='ocrx_word' id='word_1_162' title='bbox 1408 2168 1617 2228; x_wconf 87' lang='lat' dir='ltr'><strong>Medea</strong></span> <span class='ocrx_word' id='word_1_163' title='bbox 1675 2169 2090 2228; x_wconf 85' lang='lat' dir='ltr'><strong>subsistentem</strong></span> <span class='ocrx_word' id='word_1_164' title='bbox 2149 2170 2380 2226; x_wconf 86' lang='lat' dir='ltr'><strong>textum</strong></span> 
     </span>
     <span class='ocr_line' id='line_1_23' title="bbox 357 2254 2379 2334; baseline 0 -19"><span class='ocrx_word' id='word_1_165' title='bbox 357 2256 637 2333; x_wconf 87' lang='lat' dir='ltr'><strong>praebere</strong></span> <span class='ocrx_word' id='word_1_166' title='bbox 701 2260 762 2315; x_wconf 92' lang='lat' dir='ltr'><strong>et</strong></span> <span class='ocrx_word' id='word_1_167' title='bbox 825 2259 1277 2317; x_wconf 89' lang='lat' dir='ltr'><strong>commentarios</strong></span> <span class='ocrx_word' id='word_1_168' title='bbox 1333 2259 1490 2316; x_wconf 90' lang='lat' dir='ltr'><strong>inter</strong></span> <span class='ocrx_word' id='word_1_169' title='bbox 1544 2275 1604 2316; x_wconf 91' lang='lat' dir='ltr'><strong>se</strong></span> <span class='ocrx_word' id='word_1_170' title='bbox 1667 2258 2102 2334; x_wconf 88' lang='lat' dir='ltr'><strong>respondentes.</strong></span> <span class='ocrx_word' id='word_1_171' title='bbox 2198 2254 2379 2315; x_wconf 84' lang='lat' dir='ltr'><strong>Cuius</strong></span> 
     </span>
     <span class='ocr_line' id='line_1_24' title="bbox 358 2339 2379 2422; baseline -0.001 -17"><span class='ocrx_word' id='word_1_172' title='bbox 358 2347 639 2405; x_wconf 90' lang='lat' dir='ltr'><strong>lectiones</strong></span> <span class='ocrx_word' id='word_1_173' title='bbox 683 2346 748 2402; x_wconf 92' lang='lat' dir='ltr'><strong>in</strong></span> <span class='ocrx_word' id='word_1_174' title='bbox 791 2344 1044 2405; x_wconf 90' lang='lat' dir='ltr'><strong>Hercule</strong></span> <span class='ocrx_word' id='word_1_175' title='bbox 1089 2346 1323 2405; x_wconf 85' lang='lat' dir='ltr'><strong>furente</strong></span> <span class='ocrx_word' id='word_1_176' title='bbox 1378 2365 1511 2406; x_wconf 92' lang='lat' dir='ltr'><strong>cum</strong></span> <span class='ocrx_word' id='word_1_177' title='bbox 1568 2341 1587 2370; x_wconf 63' lang='lat'><em>³</em></span> <span class='ocrx_word' id='word_1_178' title='bbox 1600 2345 1891 2406; x_wconf 89' lang='lat' dir='ltr'><strong>Italorum</strong></span> <span class='ocrx_word' id='word_1_179' title='bbox 1935 2339 2193 2422; x_wconf 90' lang='lat' dir='ltr'><strong>optimo&#39;</strong></span> <span class='ocrx_word' id='word_1_180' title='bbox 2242 2363 2379 2404; x_wconf 91' lang='lat' dir='ltr'><strong>con-</strong></span> 
     </span>
     <span class='ocr_line' id='line_1_25' title="bbox 356 2434 2381 2511; baseline 0 -18"><span class='ocrx_word' id='word_1_181' title='bbox 356 2435 517 2509; x_wconf 90' lang='lat' dir='ltr'><strong>tulit,</strong></span> <span class='ocrx_word' id='word_1_182' title='bbox 563 2434 816 2494; x_wconf 90' lang='lat' dir='ltr'><strong>collatae</strong></span> <span class='ocrx_word' id='word_1_183' title='bbox 863 2434 1010 2511; x_wconf 89' lang='lat' dir='ltr'><strong>quid</strong></span> <span class='ocrx_word' id='word_1_184' title='bbox 1055 2435 1361 2494; x_wconf 90' lang='lat' dir='ltr'><strong>differrent</strong></span> <span class='ocrx_word' id='word_1_185' title='bbox 1396 2454 1534 2494; x_wconf 90' lang='lat' dir='ltr'><strong>cum</strong></span> <span class='ocrx_word' id='word_1_186' title='bbox 1567 2437 1726 2494; x_wconf 89' lang='lat' dir='ltr'><strong>inter</strong></span> <span class='ocrx_word' id='word_1_187' title='bbox 1762 2453 1823 2494; x_wconf 91' lang='lat' dir='ltr'><strong>se</strong></span> <span class='ocrx_word' id='word_1_188' title='bbox 1860 2438 1990 2493; x_wconf 93' lang='lat' dir='ltr'><strong>tum</strong></span> <span class='ocrx_word' id='word_1_189' title='bbox 2028 2453 2063 2492; x_wconf 90' lang='lat' dir='ltr'><strong>a</strong></span> <span class='ocrx_word' id='word_1_190' title='bbox 2100 2436 2381 2493; x_wconf 85' lang='lat' dir='ltr'><strong>contextu</strong></span> 
     </span>
     <span class='ocr_line' id='line_1_26' title="bbox 358 2523 2382 2600; baseline 0.001 -20"><span class='ocrx_word' id='word_1_191' title='bbox 358 2543 533 2599; x_wconf 92' lang='lat' dir='ltr'><strong>quem</strong></span> <span class='ocrx_word' id='word_1_192' title='bbox 577 2523 698 2582; x_wconf 92' lang='lat' dir='ltr'><strong>Leo</strong></span> <span class='ocrx_word' id='word_1_193' title='bbox 744 2525 1053 2582; x_wconf 90' lang='lat' dir='ltr'><strong>constituit</strong></span> <span class='ocrx_word' id='word_1_194' title='bbox 1099 2525 1449 2600; x_wconf 81' lang='lat' dir='ltr'><strong>exploravit,</strong></span> <span class='ocrx_word' id='word_1_195' title='bbox 1493 2526 1623 2582; x_wconf 90' lang='lat' dir='ltr'><strong>tum</strong></span> <span class='ocrx_word' id='word_1_196' title='bbox 1669 2526 1964 2600; x_wconf 89' lang='lat' dir='ltr'><strong>quotquot</strong></span> <span class='ocrx_word' id='word_1_197' title='bbox 2019 2524 2227 2583; x_wconf 87' lang='lat' dir='ltr'><strong>elicere</strong></span> <span class='ocrx_word' id='word_1_198' title='bbox 2271 2541 2382 2599; x_wconf 94' lang='lat' dir='ltr'><strong>po-</strong></span> 
     </span>
     <span class='ocr_line' id='line_1_27' title="bbox 356 2604 2380 2694; baseline 0 -23"><span class='ocrx_word' id='word_1_199' title='bbox 356 2615 476 2671; x_wconf 89' lang='lat' dir='ltr'><strong>tuit</strong></span> <span class='ocrx_word' id='word_1_200' title='bbox 517 2612 942 2672; x_wconf 85' lang='lat' dir='ltr'><strong>Trevethianas</strong></span> <span class='ocrx_word' id='word_1_201' title='bbox 978 2613 1259 2672; x_wconf 90' lang='lat' dir='ltr'><strong>lectiones</strong></span> <span class='ocrx_word' id='word_1_202' title='bbox 1297 2604 1393 2694; x_wconf 79' lang='grc' dir='ltr'><strong>(τ)</strong></span> <span class='ocrx_word' id='word_1_203' title='bbox 1432 2632 1503 2671; x_wconf 80' lang='lat' dir='ltr'><strong>ex</strong></span> <span class='ocrx_word' id='word_1_204' title='bbox 1538 2615 2095 2672; x_wconf 85' lang='lat' dir='ltr'><strong>commentariorum</strong></span> <span class='ocrx_word' id='word_1_205' title='bbox 2129 2612 2380 2672; x_wconf 89' lang='lat' dir='ltr'><strong>latebris</strong></span> 
     </span>
     <span class='ocr_line' id='line_1_28' title="bbox 358 2702 2385 2778; baseline 0 -18"><span class='ocrx_word' id='word_1_206' title='bbox 358 2703 641 2778; x_wconf 67' lang='lat' dir='ltr'><strong>apposuit,</strong></span> <span class='ocrx_word' id='word_1_207' title='bbox 698 2702 1032 2777; x_wconf 91' lang='lat' dir='ltr'><strong>mirumque</strong></span> <span class='ocrx_word' id='word_1_208' title='bbox 1094 2705 1165 2760; x_wconf 92' lang='lat' dir='ltr'><strong>ut</strong></span> <span class='ocrx_word' id='word_1_209' title='bbox 1226 2720 1572 2761; x_wconf 89' lang='lat' dir='ltr'><strong>consensum</strong></span> <span class='ocrx_word' id='word_1_210' title='bbox 1638 2705 1835 2761; x_wconf 85' lang='lat' dir='ltr'><strong>textus</strong></span> <span class='ocrx_word' id='word_1_211' title='bbox 1900 2720 2033 2760; x_wconf 92' lang='lat' dir='ltr'><strong>cum</strong></span> <span class='ocrx_word' id='word_1_212' title='bbox 2097 2702 2385 2760; x_wconf 85' lang='lat' dir='ltr'><strong>Trevethi</strong></span> 
     </span>
     <span class='ocr_line' id='line_1_29' title="bbox 355 2790 2380 2866; baseline -0 -17"><span class='ocrx_word' id='word_1_213' title='bbox 355 2791 577 2866; x_wconf 83' lang='lat' dir='ltr'><strong>verbis,</strong></span> <span class='ocrx_word' id='word_1_214' title='bbox 632 2792 722 2848; x_wconf 86' lang='lat' dir='ltr'><strong>ita</strong></span> <span class='ocrx_word' id='word_1_215' title='bbox 777 2791 1107 2850; x_wconf 86' lang='lat' dir='ltr'><strong>dissensum</strong></span> <span class='ocrx_word' id='word_1_216' title='bbox 1156 2793 1467 2866; x_wconf 87' lang='lat' dir='ltr'><strong>utriusque</strong></span> <span class='ocrx_word' id='word_1_217' title='bbox 1524 2791 1597 2849; x_wconf 87' lang='lat' dir='ltr'><strong>ab</strong></span> <span class='ocrx_word' id='word_1_218' title='bbox 1654 2790 1811 2850; x_wconf 86' lang='lat' dir='ltr'><strong>Itala</strong></span> <span class='ocrx_word' id='word_1_219' title='bbox 1864 2792 2115 2849; x_wconf 90' lang='lat' dir='ltr'><strong>lectione</strong></span> <span class='ocrx_word' id='word_1_220' title='bbox 2172 2790 2380 2866; x_wconf 88' lang='lat' dir='ltr'><strong>depre-</strong></span> 
     </span>
     <span class='ocr_line' id='line_1_30' title="bbox 357 2878 2394 2955; baseline -0 -17"><span class='ocrx_word' id='word_1_221' title='bbox 357 2879 582 2938; x_wconf 87' lang='lat' dir='ltr'><strong>hendit.</strong></span> <span class='ocrx_word' id='word_1_222' title='bbox 670 2878 769 2938; x_wconf 87' lang='lat' dir='ltr'><strong>Sic</strong></span> <span class='ocrx_word' id='word_1_223' title='bbox 816 2898 1182 2938; x_wconf 90' lang='lat' dir='ltr'><strong>communem</strong></span> <span class='ocrx_word' id='word_1_224' title='bbox 1229 2883 1290 2938; x_wconf 91' lang='lat' dir='ltr'><strong>et</strong></span> <span class='ocrx_word' id='word_1_225' title='bbox 1335 2879 1551 2939; x_wconf 87' lang='lat' dir='ltr'><strong>codicis</strong></span> <span class='ocrx_word' id='word_1_226' title='bbox 1588 2878 1662 2955; x_wconf 84' lang='lat' dir='ltr'><strong>D,</strong></span> <span class='ocrx_word' id='word_1_227' title='bbox 1708 2881 1747 2937; x_wconf 90' lang='lat' dir='ltr'><strong>i.</strong></span> <span class='ocrx_word' id='word_1_228' title='bbox 1788 2899 1834 2939; x_wconf 90' lang='lat' dir='ltr'><strong>e.</strong></span> <span class='ocrx_word' id='word_1_229' title='bbox 1872 2878 2160 2938; x_wconf 90' lang='lat' dir='ltr'><strong>librorum</strong></span> <span class='ocrx_word' id='word_1_230' title='bbox 2201 2878 2277 2937; x_wconf 88' lang='lat' dir='ltr'><strong>ad</strong></span> <span class='ocrx_word' id='word_1_231' title='bbox 2313 2880 2394 2937; x_wconf 93' lang='grc' dir='ltr'><em>Π</em></span> 
     </span>
     <span class='ocr_line' id='line_1_31' title="bbox 360 2967 2384 3044; baseline -0 -18"><span class='ocrx_word' id='word_1_232' title='bbox 360 2967 606 3027; x_wconf 91' lang='lat' dir='ltr'><strong>classem</strong></span> <span class='ocrx_word' id='word_1_233' title='bbox 665 2970 1109 3044; x_wconf 87' lang='lat' dir='ltr'><strong>pertinentium,</strong></span> <span class='ocrx_word' id='word_1_234' title='bbox 1165 2971 1224 3027; x_wconf 92' lang='lat' dir='ltr'><strong>et</strong></span> <span class='ocrx_word' id='word_1_235' title='bbox 1288 2968 1672 3027; x_wconf 84' lang='lat' dir='ltr'><strong>Trevethiani</strong></span> <span class='ocrx_word' id='word_1_236' title='bbox 1736 2969 2087 3044; x_wconf 83' lang='lat' dir='ltr'><strong>exemplaris</strong></span> <span class='ocrx_word' id='word_1_237' title='bbox 2150 2969 2384 3027; x_wconf 85' lang='lat' dir='ltr'><strong>fontem</strong></span> 
     </span>
     <span class='ocr_line' id='line_1_32' title="bbox 356 3049 2381 3159; baseline 0 -45"><span class='ocrx_word' id='word_1_238' title='bbox 356 3049 507 3114; x_wconf 55' lang='lat' dir='ltr'><strong>sibi*</strong></span> <span class='ocrx_word' id='word_1_239' title='bbox 525 3057 686 3115; x_wconf 85' lang='lat' dir='ltr'><strong>visus</strong></span> <span class='ocrx_word' id='word_1_240' title='bbox 744 3061 833 3116; x_wconf 90' lang='lat' dir='ltr'><strong>est</strong></span> <span class='ocrx_word' id='word_1_241' title='bbox 897 3058 1197 3134; x_wconf 90' lang='lat' dir='ltr'><strong>aperuisse</strong></span> <span class='ocrx_word' id='word_1_242' title='bbox 1252 3076 1443 3132; x_wconf 90' lang='lat' dir='ltr'><strong>neque</strong></span> <span class='ocrx_word' id='word_1_243' title='bbox 1509 3058 1694 3116; x_wconf 89' lang='lat' dir='ltr'><strong>alium</strong></span> <span class='ocrx_word' id='word_1_244' title='bbox 1759 3058 2039 3159; x_wconf 78' lang='lat' dir='ltr'><strong>vulgatae</strong></span> <span class='ocrx_word' id='word_1_245' title='bbox 2103 3057 2381 3115; x_wconf 89' lang='lat' dir='ltr'><strong>lectionis</strong></span> 
     </span>
     <span class='ocr_line' id='line_1_33' title="bbox 355 3144 2383 3222; baseline 0 -20"><span class='ocrx_word' id='word_1_246' title='bbox 355 3145 582 3204; x_wconf 84' lang='lat' dir='ltr'><strong>fontem</strong></span> <span class='ocrx_word' id='word_1_247' title='bbox 643 3146 827 3205; x_wconf 84' lang='lat' dir='ltr'><strong>fuisse</strong></span> <span class='ocrx_word' id='word_1_248' title='bbox 890 3146 1119 3205; x_wconf 89' lang='lat' dir='ltr'><strong>statuit.</strong></span> <span class='ocrx_word' id='word_1_249' title='bbox 1222 3144 1533 3222; x_wconf 87' lang='lat' dir='ltr'><strong>Specimen</strong></span> <span class='ocrx_word' id='word_1_250' title='bbox 1599 3146 1955 3206; x_wconf 89' lang='lat' dir='ltr'><strong>recensionis</strong></span> <span class='ocrx_word' id='word_1_251' title='bbox 2018 3145 2075 3203; x_wconf 90' lang='lat' dir='ltr'><strong>A</strong></span> <span class='ocrx_word' id='word_1_252' title='bbox 2140 3146 2383 3220; x_wconf 90' lang='lat' dir='ltr'><strong>qualem</strong></span> 
     </span>
     <span class='ocr_line' id='line_1_34' title="bbox 357 3233 2382 3342; baseline 0 -51"><span class='ocrx_word' id='word_1_253' title='bbox 357 3235 555 3292; x_wconf 90' lang='lat' dir='ltr'><strong>animo</strong></span> <span class='ocrx_word' id='word_1_254' title='bbox 616 3234 732 3292; x_wconf 86' lang='lat' dir='ltr'><strong>sibi</strong></span> <span class='ocrx_word' id='word_1_255' title='bbox 789 3234 959 3292; x_wconf 83' lang='lat' dir='ltr'><strong>finxit</strong></span> <span class='ocrx_word' id='word_1_256' title='bbox 1018 3234 1292 3293; x_wconf 88' lang='lat' dir='ltr'><strong>Herculis</strong></span> <span class='ocrx_word' id='word_1_257' title='bbox 1354 3234 1623 3309; x_wconf 84' lang='lat' dir='ltr'><strong>fabulae,</strong></span> <span class='ocrx_word' id='word_1_258' title='bbox 1680 3237 1744 3293; x_wconf 91' lang='lat' dir='ltr'><strong>in</strong></span> <span class='ocrx_word' id='word_1_259' title='bbox 1806 3233 2146 3311; x_wconf 89' lang='lat' dir='ltr'><strong>appendicis</strong></span> <span class='ocrx_word' id='word_1_260' title='bbox 2205 3237 2382 3342; x_wconf 86' lang='lat' dir='ltr'><strong>parte</strong></span> 
     </span>
     <span class='ocr_line' id='line_1_35' title="bbox 357 3315 1506 3404; baseline 0.001 -24"><span class='ocrx_word' id='word_1_261' title='bbox 357 3322 544 3380; x_wconf 88' lang='lat' dir='ltr'><strong>altera</strong></span> <span class='ocrx_word' id='word_1_262' title='bbox 588 3324 900 3398; x_wconf 85' lang='lat' dir='ltr'><strong>proposuit</strong></span> <span class='ocrx_word' id='word_1_263' title='bbox 947 3315 1115 3404; x_wconf 82' lang='lat' dir='ltr'><strong>(ibid.</strong></span> <span class='ocrx_word' id='word_1_264' title='bbox 1152 3344 1209 3400; x_wconf 92' lang='lat' dir='ltr'><strong>p.</strong></span> <span class='ocrx_word' id='word_1_265' title='bbox 1242 3325 1364 3381; x_wconf 87' lang='lat'><strong>9—</strong></span> <span class='ocrx_word' id='word_1_266' title='bbox 1377 3315 1506 3404; x_wconf 88' lang='lat'><strong>14).</strong></span> 
     </span>
    </p>

    <p class='ocr_par' dir='ltr' id='par_1_3' title="bbox 354 3409 2388 3666">
     <span class='ocr_line' id='line_1_36' title="bbox 488 3409 2384 3489; baseline 0.001 -21"><span class='ocrx_word' id='word_1_267' title='bbox 488 3409 660 3469; x_wconf 91' lang='lat' dir='ltr'><strong>Hanc</strong></span> <span class='ocrx_word' id='word_1_268' title='bbox 705 3410 960 3468; x_wconf 74' lang='lat' dir='ltr'><strong>Pmmu</strong></span> <span class='ocrx_word' id='word_1_269' title='bbox 1006 3414 1582 3489; x_wconf 84' lang='lat' dir='ltr'><strong>argumentationem</strong></span> <span class='ocrx_word' id='word_1_270' title='bbox 1629 3412 1841 3487; x_wconf 90' lang='lat' dir='ltr'><strong>quibus</strong></span> <span class='ocrx_word' id='word_1_271' title='bbox 1895 3410 2226 3471; x_wconf 87' lang='lat' dir='ltr'><strong>rationibus</strong></span> <span class='ocrx_word' id='word_1_272' title='bbox 2276 3410 2384 3470; x_wconf 89' lang='lat' dir='ltr'><strong>ad-</strong></span> 
     </span>
     <span class='ocr_line' id='line_1_37' title="bbox 356 3499 2386 3576; baseline 0.003 -20"><span class='ocrx_word' id='word_1_273' title='bbox 356 3499 566 3558; x_wconf 87' lang='lat' dir='ltr'><strong>ductus</strong></span> <span class='ocrx_word' id='word_1_274' title='bbox 612 3518 731 3557; x_wconf 91' lang='lat' dir='ltr'><strong>non</strong></span> <span class='ocrx_word' id='word_1_275' title='bbox 777 3500 999 3575; x_wconf 91' lang='lat' dir='ltr'><strong>possim</strong></span> <span class='ocrx_word' id='word_1_276' title='bbox 1043 3517 1151 3576; x_wconf 91' lang='lat' dir='ltr'><strong>pro</strong></span> <span class='ocrx_word' id='word_1_277' title='bbox 1199 3502 1346 3558; x_wconf 87' lang='lat' dir='ltr'><strong>satis</strong></span> <span class='ocrx_word' id='word_1_278' title='bbox 1392 3502 1554 3560; x_wconf 92' lang='lat' dir='ltr'><strong>certo</strong></span> <span class='ocrx_word' id='word_1_279' title='bbox 1601 3503 1661 3559; x_wconf 92' lang='lat' dir='ltr'><strong>et</strong></span> <span class='ocrx_word' id='word_1_280' title='bbox 1706 3501 1896 3561; x_wconf 91' lang='lat' dir='ltr'><strong>solido</strong></span> <span class='ocrx_word' id='word_1_281' title='bbox 1943 3501 2386 3576; x_wconf 86' lang='lat' dir='ltr'><strong>disquisitionis</strong></span> 
     </span>
     <span class='ocr_line' id='line_1_38' title="bbox 354 3586 2388 3666; baseline 0.001 -21"><span class='ocrx_word' id='word_1_282' title='bbox 354 3587 738 3647; x_wconf 78' lang='lat' dir='ltr'><strong>fundamento</strong></span> <span class='ocrx_word' id='word_1_283' title='bbox 793 3586 1026 3662; x_wconf 85' lang='lat' dir='ltr'><strong>habere,</strong></span> <span class='ocrx_word' id='word_1_284' title='bbox 1082 3586 1541 3657; x_wconf 83' lang='lat' dir='ltr'><strong>Quaestionibus</strong></span> <span class='ocrx_word' id='word_1_285' title='bbox 1587 3590 1809 3650; x_wconf 89' lang='lat' dir='ltr'><strong>criticis</strong></span> <span class='ocrx_word' id='word_1_286' title='bbox 1864 3610 1921 3666; x_wconf 90' lang='lat' dir='ltr'><strong>p.</strong></span> <span class='ocrx_word' id='word_1_287' title='bbox 1966 3591 2045 3648; x_wconf 87' lang='lat'><strong>13</strong></span> <span class='ocrx_word' id='word_1_288' title='bbox 2085 3592 2146 3648; x_wconf 91' lang='lat' dir='ltr'><strong>et</strong></span> <span class='ocrx_word' id='word_1_289' title='bbox 2185 3590 2265 3648; x_wconf 92' lang='grc'><strong>26</strong></span> <span class='ocrx_word' id='word_1_290' title='bbox 2288 3606 2388 3666; x_wconf 87' lang='lat' dir='ltr'><strong>sq.</strong></span> 
     </span>
    </p>
   </div>
  </div>
 </body>
</html>
