2658 4117
1098 242 1432 315 TROADEs
2188 242 2268 305 71

252 407 461 454 ANDR.
511 388 808 471 Propone
854 388 1175 471 flammae,
1221 389 1486 451 vulnera
1531 390 1595 451 et
1641 388 1808 451 diras
1855 387 2010 451 mali

253 479 492 544 doloris
539 481 707 541 artes
752 481 819 540 et
862 478 1099 542 famem
1145 480 1209 540 et
1255 499 1508 541 saevam
1555 476 1729 540 sitim

253 569 588 650 variasque
634 570 844 650 pestes
891 566 1200 648 undique,
1246 569 1311 629 et
1356 567 1596 629 ferrum
1642 566 1916 629 inditum

254 656 605 721 visceribus
652 656 820 738 istis,
867 655 1137 720 carceris
1183 655 1357 719 caeci
1399 655 1601 736 luem,
2170 667 2272 717 585

252 749 325 808 εὴ
369 745 673 828 quicquid
719 745 909 808 audet
953 745 1161 808 victor
1205 743 1406 806 iratus
1452 745 1713 807 timens:

255 834 469 918 [VLIX.
516 831 732 897 Stulta
777 836 873 897 est
918 832 1075 896 fides
1124 833 1327 897 celare
1376 832 1547 915 quod
1592 831 1824 914 prodas
1872 830 2135 915 statim]

255 923 541 987 animosa
586 923 801 986 nullos
848 925 1052 985 mater
1097 920 1381 984 admittit
1426 924 1653 985 metus.

256 1028 444 1074 vmx.
485 1010 614 1075 Hic
659 1011 824 1094 ipse,
872 1032 998 1092 quo
1047 1030 1216 1074 nunc
1263 1013 1610 1074 contumax
1655 1012 1928 1092 perstas,
1973 1030 2152 1072 amor

257 1100 588 1164 consulere
634 1101 851 1182 parvis
896 1099 1117 1163 liberis
1163 1097 1422 1162 Danaos
1469 1101 1704 1162 monet.
2171 1113 2276 1161 590

255 1192 410 1272 post
457 1211 629 1252 arma
673 1192 808 1252 tam
852 1189 1236 1273 longinqua,
1280 1191 1431 1270 post
1475 1209 1674 1250 annos
1722 1186 1938 1250 decem

256 1278 472 1341 minus
516 1279 808 1341 timerem
854 1297 1015 1359 quos
1060 1277 1219 1341 facit
1265 1274 1533 1339 Calchas
1579 1279 1816 1357 metus,

258 1367 317 1429 si
361 1365 524 1429 mihi
562 1367 879 1430 timerem:
927 1365 1098 1429 bella
1143 1364 1526 1429 Telemacho
1572 1385 1775 1447 paras,

256 1472 468 1518 ANDR.
513 1452 748 1537 Invita,
793 1453 1011 1537 Vlixe,
1058 1455 1363 1540 gaudium
1408 1452 1648 1517 Danais
1697 1452 1888 1516 dabo:

257 1544 539 1608 dandum
583 1547 707 1628 est3
752 1544 953 1608 fatere
1000 1564 1161 1626 quos
1207 1543 1443 1626 premis
1488 1544 1727 1624 luctuS‚
1774 1541 1970 1605 dolor.
2170 1554 2273 1604 595

257 1631 556 1718 gaudete,
603 1632 891 1714 Atridae,
935 1636 1134 1715 tuque
1179 1632 1483 1713 laetifica,
1528 1635 1603 1695 ut
1648 1632 1842 1713 soles,

255 1722 425 1786 refer
467 1720 780 1808 Pelasgis:
827 1720 1127 1785 Hectoris
1173 1720 1387 1803 proles
1436 1720 1589 1783 obit.

258 1827 446 1875 VLIX.
494 1809 582 1873 Et
628 1832 763 1874 esse
809 1832 1029 1874 verum
1076 1810 1201 1873 hoc
1247 1831 1375 1892 qua
1419 1808 1652 1892 probas
1698 1806 1937 1870 Danais
1984 1806 2152 1870 fide?

259 1917 467 1963 ANDR.
513 1897 613 1963 Ita
658 1899 832 1981 quod
877 1899 1106 1962 minari
1154 1899 1503 1961 maximum
1550 1897 1756 1960 victor
1800 1898 2013 1980 potest

261 1989 593 2074 contingat
637 1992 701 2052 et
745 2010 847 2051 me
892 1987 1026 2051 fata
1071 1991 1322 2051 maturo
1372 1986 1547 2050 exitu
2170 1999 2276 2048 600

257 2078 561 2160 facilique
607 2080 861 2142 solvant
906 2099 981 2142 ac
1026 2098 1169 2140 meo
1219 2077 1496 2141 condant
1542 2076 1680 2138 solo

259 2170 324 2230 et
366 2167 576 2250 patria
619 2168 810 2231 tellus
856 2165 1202 2231 Hectorem
1246 2166 1474 2229 leviter
1517 2167 1789 2247 premat,

254 2259 331 2318 ut
372 2257 519 2320 luce
564 2257 793 2320 caruit:
839 2256 1007 2318 inter
1052 2254 1367 2317 extinctos
1414 2254 1578 2317 iacet

256 2344 572 2427 datusque
617 2345 868 2408 tumulo
917 2344 1131 2407 debita
1177 2342 1486 2406 exanimis
1532 2341 1701 2405 tulit.

257 2450 445 2496 VLIX.
491 2432 769 2517 Expleta
813 2434 947 2496 fata
992 2432 1189 2514 stirpe
1236 2432 1490 2496 sublata
1533 2429 1829 2494 Hectoris
2171 2442 2272 2492 605

255 2521 658 2604 solidamque
703 2542 925 2606 pacem
968 2522 1176 2584 laetus
1222 2520 1302 2583 ad
1347 2519 1604 2583 Danaos
1649 2519 1849 2582 feram
1896 2555 1983 2563 —

259 2610 416 2692 quid
462 2611 599 2696 agis
610 2662 627 2694 ,
673 2609 907 2674 Vlixe?
953 2608 1279 2673 Danaidae
1326 2608 1583 2673 credent
1627 2607 1774 2671 tibi:

254 2703 329 2762 tu
377 2699 524 2762 cui?
570 2700 819 2783 parenti
866 2737 953 2745 —
997 2699 1189 2783 fingit
1233 2720 1316 2761 an
1362 2698 1701 2779 quisquam
1745 2694 1874 2759 hoc
1917 2715 2175 2778 parens,

255 2809 376 2851 nec
421 2788 883 2852 abominandae
928 2788 1154 2851 mortis
1201 2786 1555 2870 auspicium
1602 2784 1837 2868 pavet?

254 2877 546 2959 auspicia
590 2880 885 2941 metuunt
933 2876 1044 2958 qui
1089 2875 1255 2939 nihil
1299 2875 1506 2938 maius
1551 2874 1798 2937 timent.
2171 2871 2276 2935 610

402 3037 508 3085 582
545 3033 774 3087 verbera
810 3034 885 3087 N.
915 3033 1187 3086 Heinsius
1215 3048 1273 3100 p.
1305 3035 1412 3085 153
1439 3034 1458 3100 ΙΙ
1487 3035 1591 3092 588
1630 3032 1688 3082 εὴ
1724 3044 1823 3083 om.
1853 3034 1897 3080 Ε
1930 3029 1937 3096 1
1970 3027 2158 3080 famen
2184 3033 2227 3079 Ε
2255 3026 2274 3098 ΙΙ

258 3109 361 3158 585
401 3103 543 3158 ustis
581 3110 626 3157 A
679 3108 699 3174 ΙΙ
754 3109 858 3157 586
893 3107 1114 3157 tumens
1150 3108 1195 3155 A
1232 3106 1252 3171 ΙΙ
1289 3107 1390 3155 587
1438 3103 1536 3157 hoc
1581 3103 1694 3156 loco
1730 3105 1856 3153 EAv
1907 3101 2038 3166 (exc.
2076 3103 2124 3149 R
2159 3102 2275 3165 10),

250 3181 377 3245 post
419 3193 465 3229 v.
498 3179 606 3230 581
652 3192 766 3230 ‘non
806 3175 981 3244 praef.
1023 3191 1165 3242 pers.
1214 3180 1348 3229 ‘nota
1390 3184 1472 3239 ψ;
1517 3178 1643 3241 post
1684 3188 1731 3223 v.
1771 3173 1885 3224 588
1924 3169 2113 3238 posuit
2158 3169 2275 3222 Ra-

248 3248 507 3317 phelinq;
543 3247 643 3300 del.
683 3247 796 3301 Leo
850 3249 869 3314 ΙΙ
924 3251 1025 3297 588
1063 3263 1185 3299 mn.
1224 3251 1267 3297 E
1320 3263 1404 3297 vn.
1444 3249 1489 3296 A
1530 3246 1538 3312 Ι
1585 3241 1839 3296 admittis
1877 3245 1922 3292 A
1974 3241 1993 3309 u
2048 3244 2152 3291 590
2188 3258 2271 3293 π.

253 3334 355 3372 om.
386 3322 431 3369 A
464 3319 472 3386 Ι
503 3320 694 3372 monet
729 3322 816 3386 (ex
852 3316 1103 3384 mouet?)
1141 3322 1184 3369 E
1230 3318 1249 3385 ΙΙ
1295 3320 1393 3368 591
1427 3317 1547 3367 tam
1583 3331 1681 3368 om.
1722 3318 1765 3364 E
1801 3313 1820 3381 ΙΙ
1857 3316 1962 3363 592
1997 3309 2138 3364 facis
2176 3315 2221 3362 A

259 3393 363 3441 594
399 3388 607 3442 immiti
642 3388 786 3442 ulixi
821 3387 1092 3458 gaudium
1139 3403 1206 3440 ac
1248 3385 1446 3439 danais
1485 3385 1631 3438 dabo
1677 3384 1814 3438 null.
1838 3399 1979 3451 pers.
2008 3388 2141 3436 nota
2175 3386 2220 3433 A

253 3465 360 3513 600
397 3459 481 3513 ita
525 3475 616 3513 me
653 3460 919 3515 Swoboda
980 3462 999 3527 ΙΙ
1061 3463 1167 3512 602
1203 3457 1448 3526 patriam
1483 3462 1526 3509 E
1589 3458 1609 3524 ΙΙ
1670 3459 1774 3508 608
1821 3453 1945 3507 luce
1993 3469 2180 3506 cassus
2216 3462 2274 3517 ψ

259 3531 359 3599 (Ν.
390 3531 662 3586 Heinsius
690 3549 747 3601 p.
778 3535 908 3590 154)
937 3533 956 3599 ΙΙ
984 3535 1085 3583 607
1125 3529 1307 3582 Danai
1348 3528 1452 3581 dic.
1494 3545 1564 3581 cr.
1605 3532 1648 3579 E
1675 3529 1695 3595 Η
1722 3531 1824 3578 608
1863 3541 1937 3578 an
1973 3524 2275 3594 quicquam

254 3617 457 3670 parens
492 3607 539 3656 A
