2658 4117
1093 262 1427 316 TROADES
2190 265 2276 329 63

241 428 454 474 AGAM.
493 408 752 473 Inclusa
777 408 979 472 fluctu
1025 446 1106 453 —
1181 426 1432 471 PYRRH.
1470 407 1721 492 Nempe
1765 413 2025 496 cognati
2053 412 2273 476 maris:

243 499 426 563 Atrei
474 504 541 563 et
584 499 904 582 Thyestae
949 497 1234 561 nobilem
1278 498 1434 561 novi
1482 497 1761 563 domum.
2170 518 2268 565 341

241 605 458 652 AGAM.
503 587 610 650 Ex
656 587 926 672 virginis
974 589 1279 669 concepte
1325 587 1567 650 furtivo
1616 590 1838 671 stupro

243 683 309 742 et
355 701 435 741 ex
481 675 737 739 Achille
782 679 959 757 nate,
1006 676 1115 738 sed
1160 676 1447 739 nondum
1494 676 1631 738 viro
1679 713 1768 722 -

244 784 496 829 PYRRH.
545 763 668 829 Illo
716 788 795 828 ex
839 762 1120 847 Achille,
1168 786 1398 849 genere
1446 765 1559 846 qui
1604 767 1913 829 mundum
1961 791 2076 831 suo

247 877 507 939 sparsus
553 877 669 937 per
715 876 903 918 omne
948 854 1250 917 caelitum
1294 875 1567 938 regnum
1614 858 1814 919 tenet:
2171 875 2273 924 345

247 944 518 1008 Thetide
564 965 829 1026 aequor,
874 942 1134 1006 umbras
1180 940 1421 1024 Aeac0,
1468 943 1714 1005 caelum
1760 942 1926 1007 Iove.

249 1049 460 1097 AGAM.
505 1031 630 1096 Illo
679 1054 756 1095 ex
802 1030 1084 1114 Achille,
1131 1032 1242 1113 qui
1288 1053 1482 1094 manu
1529 1029 1777 1095 Paridis
1826 1034 2006 1098 iacet.

247 1139 501 1185 PYRRH.
548 1120 752 1196 Quem
797 1142 914 1184 nec
961 1121 1224 1184 deorum
1280 1120 1640 1184 comminus
1697 1123 2037 1205 quisquam
2092 1127 2272 1207 petit.

247 1227 461 1274 AGAM.
512 1208 926 1292 Compescere
973 1210 1267 1293 equidem
1314 1209 1509 1272 verba
1554 1213 1618 1272 et
1664 1212 1967 1275 audacem
2014 1215 2184 1277 malo

247 1304 539 1384 poteram
588 1299 870 1383 domare3
919 1299 1028 1362 sed
1073 1320 1253 1361 meus
1301 1299 1505 1380 captis
1553 1319 1807 1381 quoque
2171 1319 2275 1368 350

250 1390 371 1453 scit
417 1409 675 1472 parcere
724 1390 908 1452 ensis.
999 1388 1216 1470 potius
1265 1388 1575 1470 interpres
1624 1389 1811 1452 deum

249 1475 521 1541 Calchas
568 1481 855 1541 vocetur·
901 1478 1036 1540 fata
1082 1477 1138 1540 si
1181 1480 1476 1559 poscent,
1523 1476 1705 1540 dabo,

382 1567 480 1630 Tu
528 1566 643 1649 qui
685 1565 993 1651 Pelasgae
1038 1567 1251 1629 vincla
1297 1566 1549 1629 solvisti
1591 1567 1717 1628 rati

249 1677 587 1757 morasque
635 1655 852 1738 bellis,
897 1659 1030 1718 arte
1078 1656 1191 1737 qui
1235 1676 1476 1718 reseras
1523 1655 1772 1737 polum,

251 1745 354 1808 cui
400 1746 716 1807 viscerum
764 1747 1031 1825 secreta,
1078 1745 1182 1807 cui
1227 1743 1452 1806 mundi
1496 1744 1716 1827 fragor
2170 1763 2271 1811 355

250 1837 314 1897 et
360 1835 546 1897 stella
590 1835 788 1918 longa
832 1834 1127 1896 semitam
1173 1833 1433 1895 flamma
1477 1832 1734 1896 trahens

251 1923 404 1985 dant
449 1924 637 2007 signa
681 1923 826 2004 fati,
872 1923 1053 1985 cuius
1102 1922 1351 2006 ingenti
1396 1920 1555 1983 mihi

253 2012 536 2076 mercede
583 2015 880 2076 constant
927 2033 1061 2074 ora:
1110 2010 1265 2094 quid
1311 2010 1528 2074 iubeat
1574 2011 1728 2074 deus

252 2102 467 2184 effare,
513 2099 812 2183 Calchas,
857 2123 1103 2183 nosque
1152 2101 1421 2165 consilio
1468 2122 1634 2185 rege.

251 2208 400 2254 CAL.
448 2189 625 2253 Dant
667 2190 802 2253 fata
845 2189 1087 2254 Danais
1134 2212 1262 2273 quo
1311 2190 1522 2252 solent
1567 2192 1773 2273 pretio
1821 2192 2018 2255 viam:
2168 2210 2272 2259 360

248 2279 610 2344 mactanda·
632 2280 816 2364 virgo
864 2282 962 2342 est
1008 2278 1299 2343 Thessali
1346 2280 1535 2343 busto
1584 2281 1788 2362 ducis;

249 2369 358 2432 sed
405 2389 535 2451 quo
582 2369 792 2453 iugari
837 2368 1177 2431 Thessalae
1227 2369 1404 2432 cultu
1452 2369 1660 2432 solent
1698 2393 1701 2398 ’

246 2456 582 2521 Ionidesve
628 2458 731 2520 vel
775 2456 1157 2541 Mycenaeae
1203 2479 1403 2519 nurus
1413 2507 1430 2539 ‚

249 2546 535 2629 Pyrrhus
582 2547 832 2629 parenti
880 2547 1221 2631 coniugem
1266 2545 1478 2608 tradat
1526 2567 1669 2608 suo:

248 2637 340 2700 sic
386 2637 510 2698 rite
557 2635 827 2699 dabitur.
918 2657 1052 2699 non
1095 2638 1312 2698 tamen
1357 2639 1609 2698 nostras
1655 2639 1829 2699 tenet
2167 2654 2267 2702 365

246 2724 406 2788 haec
451 2746 582 2787 una
625 2746 874 2808 puppes
923 2746 1139 2788 causa:
1185 2724 1468 2788 nobilior
1511 2728 1652 2807 tu0‚

248 2812 601 2897 Polyxene,
647 2834 869 2877 cruore
917 2813 1183 2877 debetur
1229 2835 1432 2877 cruor.

249 2925 439 2985 quem
485 2903 620 2966 fata
666 2906 1006 2986 quaerunt,
1053 2906 1226 2965 turre
1273 2901 1351 2965 de
1400 2924 1650 2964 summa
1696 2903 1879 2966 cadat

247 2990 488 3055 Priami
534 3013 734 3074 nepos
781 2990 1137 3056 Hectoreus
1186 2994 1251 3054 et
1294 2991 1494 3053 letum
1544 2994 1821 3073 oppetat.

246 3085 383 3143 tum
434 3081 611 3143 mille
657 3080 815 3144 velis
862 3081 1128 3163 impleat
1174 3080 1396 3144 classis
1442 3080 1622 3143 freta.
2167 3097 2271 3146 370

379 3261 508 3323 post
545 3259 650 3307 840
686 3256 1114 3325 Ayamemnonis
1159 3256 1460 3309 orationem
1504 3255 1764 3309 excidisse
1809 3262 1983 3310 censet
2017 3257 2217 3324 Peiper

249 3331 349 3378 846
386 3341 635 3393 aequora
670 3332 712 3378 Ε
759 3327 828 3392 cf.
869 3327 983 3380 Leo
1019 3328 1063 3379 Ι
1088 3330 1159 3380 59
1213 3329 1232 3395 ΙΙ
1286 3331 1391 3378 349
1437 3326 1585 3379 male
1632 3344 1672 3380 τ
1724 3328 1743 3396 ΙΙ
1798 3331 1894 3378 351
1941 3327 2135 3467 'diuum
2172 3334 2215 3380 Ε
2252 3258 2270 3400 Η

249 3401 350 3449 352
386 3399 629 3466 poscunt
664 3402 709 3448 A
750 3400 769 3467 ΙΙ
815 3402 920 3450 354
964 3397 1102 3451 belli
1137 3403 1179 3449 Ε
1227 3400 1245 3466 ΙΙ
1291 3402 1393 3449 357
1435 3397 1535 3451 dat
1571 3415 1626 3451 ω
1673 3414 1808 3452 corr.
1848 3416 1888 3452 τ
2015 3404 2119 3452 359
2156 3400 2269 3453 cal-

250 3485 314 3521 ca
339 3473 384 3519 A
421 3469 440 3538 Η
467 3473 572 3521 363
611 3468 837 3522 ionidae
875 3484 1009 3522 suae
1053 3474 1095 3520 Ε
1150 3468 1333 3521 Ioides
1372 3468 1979 3538 Heusinyer,1noides
2017 3471 2216 3540 Peiper
2251 3471 2270 3542 ΙΙ

250 3544 348 3592 363
385 3558 437 3607 q.
469 3539 506 3591 f
539 3557 589 3607 q.
625 3540 767 3593 dura
802 3539 1080 3593 reclusum
1118 3540 1289 3594 cadat
1323 3545 1369 3591 A
1397 3542 1415 3609 Η
1443 3545 1546 3592 369
1583 3540 1806 3594 Priamo
1843 3546 1885 3593 E
