2658 4117
328 249 432 303 XII
1134 243 1544 299 PRAEFATIO

328 398 700 458 Vadianae
747 419 803 456 n.
845 399 970 458 303
1007 390 1137 478 (V),
1176 415 1331 456 anno
1373 398 1542 455 1393
1583 398 1872 455 exaratus.
1948 395 2213 465 Quorum
2248 397 2350 455 ille

329 507 463 547 cum
510 487 707 547 codice
744 486 1157 564 Rehdigerano
1200 487 1280 544 10
1319 485 1527 545 eadem
1568 486 1910 544 vetustioris
1956 504 2099 561 prae
2136 504 2198 544 se
2235 486 2353 544 fert

331 577 577 653 originis
605 576 828 634 indicia
857 568 1097 656 (Peiper
1123 594 1180 650 p.
1211 576 1250 631 4
1272 567 1409 655 sq.),
1444 575 1541 632 hic
1572 592 1931 649 quamquam
1956 575 2022 632 in
2049 575 2351 634 nonnullis

331 666 546 739 differt,
581 668 783 723 tamen
821 666 882 723 et
916 664 1131 723 lacuna
1177 665 1412 739 saepius
1452 666 1779 723 memorata
1825 663 2074 738 aliisque
2119 663 2351 722 lacunis

328 755 418 812 ita
455 773 589 813 cum
626 753 814 813 altero
850 753 1168 828 conspirat,
1204 755 1274 810 ut
1310 753 1531 810 artiore
1568 770 1665 811 eos
1708 752 2076 829 cognationis
2113 752 2351 811 vinculo

332 845 393 902 615
428 843 586 901 inter
622 861 683 901 se
721 844 782 900 et
817 860 953 900 cum
996 862 1028 899 τ
1066 843 1126 899 615
1162 841 1216 899 R
1238 843 1321 900 10
1369 841 1711 900 coniunctos
1758 858 1882 900 esse
1927 843 2148 916 pateat.
2221 839 2353 899 Hae

332 950 471 1008 opes
519 950 556 989 a
600 930 848 1007 Peipero
903 930 1185 990 coHectae
1233 933 1294 988 et
1343 931 1513 989 novis
1560 930 1827 989 codicum
1871 929 2119 1007 Rhedig.
2163 932 2245 989 10
2294 932 2355 988 et

339 1022 418 1079 12
478 1019 894 1080 collationibus
951 1021 1159 1078 auctae
1216 1018 1509 1094 quomodo
1566 1037 1602 1076 a
1655 1038 1748 1077 me
1805 1019 2174 1078 examinatae
2234 1020 2356 1077 sint

333 1113 397 1168 et
447 1110 511 1167 in
564 1126 740 1167 usum
799 1126 1140 1182 conversae,
1192 1106 1651 1177 Quaestionibus
1711 1108 1931 1166 criticis
1989 1127 2048 1183 p.
2095 1107 2352 1165 14—28

334 1197 594 1274 exposui.
668 1197 826 1256 Nam
865 1216 901 1255 a
937 1197 1256 1273 specimine
1300 1198 1366 1254 in
1410 1195 1798 1272 Peiperianae
1844 1196 2356 1255 commentationis

334 1286 658 1363 appendice
714 1287 930 1360 altem,
982 1305 1098 1361 quo
1144 1287 1323 1345 lectio
1369 1285 1426 1343 A
1473 1304 1544 1343 ex
1588 1285 1642 1342 R
1665 1286 1748 1343 10
1794 1288 1855 1343 et
1897 1306 1929 1343 τ
1974 1286 2357 1344 constituitur

332 1377 398 1434 in
423 1374 677 1434 Hercule
714 1376 969 1449 furente,
1004 1375 1303 1451 profectus
1341 1374 1600 1450 primum
1627 1374 1909 1433 lectiones
1947 1373 2166 1434 codicis
2197 1374 2251 1431 R
2275 1375 2357 1432 10

334 1483 469 1523 cum
530 1464 873 1541 Augustani
931 1466 992 1522 et
1044 1463 1305 1521 Vadiani
1369 1461 1719 1521 lectionibus
1784 1463 2114 1538 composui,
2174 1463 2358 1537 scrip-

335 1555 502 1612 turas
548 1552 764 1613 codicis
811 1553 1195 1611 Trevethiani
1236 1571 1268 1610 e
1306 1552 1743 1611 commentariis
1790 1554 2092 1627 excerptas
2140 1552 2359 1609 exami-

340 1643 500 1716 navi,
538 1641 747 1701 deinde
782 1644 853 1700 ut
890 1641 1145 1717 amplior
1179 1642 1433 1699 materia
1465 1639 1688 1699 iudicio
1722 1639 1962 1699 ferendo
2000 1641 2379 1716 suppeteret,
2503 1688 2510 1693 .

326 1731 538 1790 -varias
593 1730 900 1790 lectiones·
935 1733 1218 1805 quattuor
1269 1729 1559 1788 librorum
1614 1728 1686 1787 de
1743 1728 1957 1804 quibus
2010 1747 2104 1788 res
2161 1729 2362 1806 agitur

336 1810 394 1900 (τ
431 1819 487 1875 V
522 1819 635 1897 Ag.
673 1819 727 1877 R
749 1811 860 1899 10)
916 1820 981 1877 in
1036 1818 1367 1878 Troadibus
1431 1817 1637 1877 fabula
1692 1819 2034 1894 conspicuas
2092 1818 2361 1894 congessi

340 1911 402 1968 et
445 1908 688 1967 lacunas
736 1908 1024 1983 quasdam
1068 1909 1133 1966 in
1176 1908 1424 1982 reliquis
1471 1906 1692 1966 fabulis
1739 1909 2108 1966 occurrentes
2152 1907 2245 1964 his
2286 1905 2360 1963 li-

336 1996 459 2056 bris
507 2015 842 2056 communes
889 1987 1242 2077 indicavi*)‚
1288 1995 1544 2071 denique
1591 1995 1734 2072 quid
1780 2015 1849 2053 ex
1895 1998 2026 2054 tota
2069 1996 2180 2054 hac
2225 2012 2359 2053 exa-

339 2086 666 2145 minatione
701 2086 974 2144 effectum
1011 2104 1136 2144 esse
1163 2085 1486 2159 videretur,
1514 2084 1820 2160 explicavi.
1887 2084 2132 2143 Summa
2161 2088 2363 2143 autem

339 2174 529 2233 omnis
605 2174 1136 2252 argumentationis
1207 2173 1470 2233 breviter
1544 2174 1965 2249 comprehensa
2035 2174 2182 2232 haec
2254 2174 2362 2231 est.

344 2262 641 2332 Quattuor
686 2262 822 2323 illos
861 2262 1086 2321 codices
1133 2282 1280 2339 quos
1319 2263 1654 2322 examinavi
1688 2265 1816 2320 tam
1852 2263 2149 2320 communi
2183 2260 2368 2337 primi

344 2353 622 2411 carminis
669 2351 1025 2411 detrimento
1073 2371 1253 2427 quam
1307 2352 1563 2411 aliarum
1618 2352 1966 2410 lacunarum
2009 2351 2366 2409 multarum—

342 2460 456 2517 que
511 2440 834 2499 lectionum
887 2442 1265 2516 propriarum
1321 2458 1609 2499 consensu
1663 2443 1724 2498 et
1777 2440 2214 2515 conspiratione
2269 2457 2368 2497 60-

339 2529 642 2607 gnationis
698 2528 1129 2588 necessitudine
1185 2529 1476 2588 contineri
1531 2530 1758 2587 certum
1814 2531 1902 2588 est
1947 2546 2054 2587 nec
2099 2528 2211 2586 ulli
2255 2526 2366 2584 du-

338 2618 623 2678 bitationi
659 2618 995 2676 obnoxium.
1056 2618 1137 2676 Et
1173 2620 1460 2692 quoniam
1497 2635 1698 2677 omnes
1737 2616 1813 2675 ad
1848 2618 2138 2694 originem
2173 2615 2368 2675 multo

340 2709 729 2767 vetustiorem
765 2706 1061 2766 modernis
1098 2706 1392 2765 Italorum
1427 2707 1595 2765 libris
1630 2706 1930 2780 recedunt,
1974 2724 2118 2782 prae
2156 2707 2369 2764 ceteris

340 2796 541 2856 idonei
587 2800 744 2870 sunt,
792 2797 896 2871 qui
939 2796 1297 2855 recensionis
1348 2796 1746 2871 interpolatae
1802 2795 1995 2869 qualis
2053 2797 2182 2853 erat
2228 2794 2370 2853 ante

344 2888 585 2944 renatas
612 2887 677 2944 in
704 2884 887 2944 Italia
922 2885 1156 2943 litteras
1184 2886 1507 2962 imaginem
1546 2885 1692 2943 satis
1722 2886 1994 2943 accurate
2022 2881 2370 2960 depingant.

343 2973 620 3033 Redeunt
672 2977 874 3033 autem
929 2992 1131 3033 omnes
1196 2972 1275 3032 ad
1326 2975 1629 3051 vetustum
1694 2971 1940 3047 aliquod
2002 2973 2372 3047 archetypon

342 3061 534 3121 Italae
582 3061 846 3140 originis,
883 3061 1040 3121 unde
1086 3064 1288 3121 variae
1329 3062 1686 3139 propagines
1730 3079 2064 3119 manavere.
2136 3060 2373 3118 Harum

343 3169 464 3209 una
511 3150 588 3210 ad
634 3152 916 3210 Trevethi
963 3151 1278 3226 exemplar,
1328 3148 1692 3208 Gallicarum
1750 3149 2120 3225 quarundam
2163 3148 2370 3207 lectio-

344 3259 489 3297 num
526 3258 645 3297 non
689 3257 931 3315 prorsus
967 3239 1248 3314 immune,
1295 3238 1461 3298 ducit
1507 3238 1748 3315 eiusque
1793 3237 2077 3313 subolem,
2124 3238 2244 3296 alia
2292 3237 2373 3295 ad

343 3327 823 3405 Rehdigeranum
868 3349 924 3386 n.
958 3330 1067 3403 103
1105 3348 1175 3387 ex
1212 3327 1382 3386 libris
1418 3328 1728 3403 utriusque
1764 3327 1994 3404 generis
2030 3325 2375 3403 Augustani

482 3532 534 3602 ³¹²)
580 3531 838 3585 Lacunae
892 3548 945 3599 p.
986 3536 1054 3584 23
1096 3531 1132 3585 1.
1174 3538 1400 3586 23—-26
1457 3534 1686 3586 notatae
1740 3548 1853 3585 non
1907 3530 2213 3597 Phaedrae,
2270 3531 2379 3584 sed

344 3601 548 3672 Oedipi
585 3603 728 3655 sunt.
2281 3641 2284 3644 ,
