2658 4117
1096 288 1444 345 PHAEDRA
2155 293 2279 359 165

265 437 529 516 experta
575 455 827 498 saevam
874 439 972 499 est
1018 436 1288 500 barbara
1322 436 1605 522 Antiope
1650 459 1927 503 manum.

264 523 379 587 sed
423 544 612 605 posse
656 524 831 587 flecti
875 525 1216 610 coniugem
1264 527 1498 590 iratum
1544 532 1726 610 puta:

265 612 412 695 quis
456 610 649 675 huius
694 612 980 676 animum
1026 614 1241 678 flectet
1286 614 1801 680 intractabilem?

267 721 498 765 exosus
547 722 734 764 omne
778 701 1053 766 feminae
1098 725 1335 767 nomen
1379 705 1575 790 fugit,
2179 720 2283 770 230

268 789 538 853 immitis
584 811 785 853 annos
832 791 1062 854 caelibi
1106 790 1275 855 vitae
1323 794 1521 876 dicat,

265 879 546 942 conubia
590 879 777 942 vitat:
825 900 1026 964 genus
1047 878 1487 965 ⁸Amazonium
1536 883 1715 946 scias.

268 986 378 1030 ΡΗ.
424 965 617 1030 Hunc
661 967 730 1030 in
774 968 984 1031 nivosi
1031 968 1215 1034 collis
1260 969 1627 1034 haerentem
1675 973 1872 1056 iugiS,

269 1061 335 1120 et
380 1078 603 1139 aspera
648 1057 805 1141 agili
851 1078 1005 1120 saxa
1048 1060 1400 1122 calcantem
1446 1059 1606 1142 pede

268 1145 452 1227 sequi
498 1167 612 1228 per
657 1145 807 1208 alta·
830 1167 1116 1229 nemora,
1162 1170 1276 1230 per
1319 1153 1570 1213 montes
1616 1150 1844 1232 placet.
2182 1164 2284 1214 235

269 1251 475 1297 NVTR.
521 1233 802 1297 Resistet
846 1235 955 1298 ille
999 1256 1194 1320 seque
1239 1237 1650 1302 mulcendum
1697 1238 1876 1302 dabit

270 1327 606 1405 castosque
651 1323 814 1387 ritus
850 1321 1099 1388 Venere
1144 1344 1277 1389 non
1323 1331 1499 1390 casta
1543 1328 1776 1391 exuet?

266 1412 392 1476 tibi
436 1415 634 1497 ponet
678 1411 923 1494 odium,
966 1414 1148 1478 cuius
1194 1412 1344 1478 odio
1388 1416 1662 1480 forsitan

272 1501 675 1584 persequitur
720 1502 984 1565 omnes?
1029 1504 1326 1584 precibus
1372 1504 1545 1568 haud
1589 1506 1760 1568 vinci
1807 1509 2033 1588 potest.
2269 1549 2274 1555 ,

271 1608 380 1653 ΡΗ.
426 1588 624 1653 Ferus
668 1590 810 1653 est?
854 1611 1071 1655 amore
1115 1591 1455 1657 didicimus
1500 1595 1672 1658 vinci
1717 1595 1903 1658 feros.
2181 1607 2285 1657 240

272 1696 474 1742 NVTR
522 1676 770 1762 Fugiet.
860 1697 971 1743 ΡΗ.
1017 1679 1139 1744 Per
1181 1682 1323 1764 ipsa
1367 1683 1569 1745 maria
1613 1684 1669 1746 si
1713 1683 1946 1767 fugiet,
1989 1702 2234 1764 sequar

273 1784 475 1830 NVTR.
522 1766 729 1830 Patris
775 1773 1113 1832 mementO.
1195 1788 1304 1833 ΡΗ.
1352 1770 1762 1834 Meminimus
1810 1771 2029 1834 matris
2076 1772 2286 1834 simul.

273 1873 476 1919 NVTR.
525 1854 737 1919 Genus
785 1878 972 1921 omne
1016 1858 1323 1944 profugit
1403 1878 1514 1922 ΡΗ
1558 1859 1830 1924 Paelicis
1874 1881 2056 1925 careo
2094 1863 2285 1922 metu.

274 1962 478 2008 NVTR.
525 1943 753 2009 Aderit
796 1947 1065 2010 maritus
1105 1985 1187 1993 —
1267 1966 1377 2011 ΡΗ.
1422 1945 1672 2033 Nempe
1710 1948 1994 2015 Perithoi
2030 1947 2285 2012 comes?

273 2051 477 2098 NVTR.
523 2032 873 2118 Aderitque
902 2036 1170 2120 genitor.
1229 2054 1340 2100 ΡΗ.
1370 2035 1567 2121 Mitis,
1592 2036 1910 2103 Ariadnae
1939 2041 2135 2122 pater.
2183 2052 2285 2101 245

272 2141 477 2187 NVTR.
525 2122 647 2188 Per
690 2123 807 2187 has
855 2129 1143 2189 senectae
1189 2127 1552 2210 splendidas
1598 2129 1868 2212 supplex
1914 2149 2128 2193 comas

270 2214 637 2295 fessumque
684 2214 852 2277 curis
898 2218 1123 2297 pectus
1169 2220 1235 2279 et
1280 2236 1425 2279 cara
1468 2217 1669 2280 ubera

273 2324 517 2385 precor,
561 2301 843 2366 furorem
890 2303 1043 2367 siste
1088 2308 1279 2405 teque
1324 2306 1466 2388 ipsa
1513 2306 1768 2369 adiuva:

272 2413 420 2474 pars
468 2390 758 2455 sanitatis
804 2392 967 2456 velle
1014 2394 1224 2456 sanari
1267 2394 1411 2457 fuit.

275 2497 385 2542 ΡΗ.
431 2478 585 2542 Non
629 2480 838 2544 omnis
884 2481 1100 2545 animo
1147 2484 1339 2546 cessit
1383 2484 1663 2567 ingenuo
1709 2484 1930 2565 pudor.
2185 2497 2289 2545 250

272 2590 569 2652 paremus
579 2617 598 2650 ,
643 2570 853 2632 altrix.
944 2572 1056 2653 qui
1102 2573 1240 2656 regi
1284 2594 1418 2635 non
1462 2571 1604 2635 vult
1648 2593 1827 2636 amor

273 2658 584 2721 vincatur.
674 2657 848 2722 haud
892 2663 982 2744 te,
1028 2661 1227 2743 fama,
1272 2662 1579 2725 maculari
1625 2662 1847 2725 sinam.

272 2745 431 2810 haec
478 2748 616 2810 sola
657 2748 824 2811 ratio
871 2753 994 2831 est,
1040 2750 1301 2814 unicum
1350 2751 1657 2834 effugium
1703 2751 1884 2813 mali.

276 2836 485 2899 virum
533 2856 893 2919 sequamur,
937 2842 1142 2902 morte
1188 2843 1578 2922 praevertam
1629 2840 1826 2903 nefas.

275 2941 481 2987 NVTR.
527 2924 885 3009 Moderare‚
922 2928 1206 3010 alumna,
1242 2929 1476 2992 mentis
1513 2927 1787 2991 effrenae
1823 2928 2124 3010 impetus,
2186 2940 2289 2988 255

275 3014 521 3077 animos
570 3035 804 3078 coerce.
897 3014 1156 3099 dignam
1204 3017 1286 3079 ob
1334 3016 1459 3080 hoc
1504 3018 1638 3080 vita
1680 3037 1824 3079 reor

276 3101 449 3185 quod
495 3124 630 3166 esse
675 3107 876 3167 temet
922 3108 1214 3169 autumas
1260 3106 1521 3188 dignam
1566 3127 1736 3169 nece.

275 3209 385 3253 ΡΗ.
432 3190 707 3256 Decreta
752 3215 925 3257 mors
973 3197 1095 3257 est:
1144 3195 1471 3276 quaeritur
1514 3194 1633 3258 fati
1678 3215 1896 3278 genus.

418 3370 523 3418 887
564 3368 650 3419 est
693 3383 794 3421 om.
833 3372 876 3418 E
941 3369 958 3435 ΙΙ
1020 3373 1126 3420 889
1173 3368 1422 3421 animum
1469 3367 1636 3421 huius
1672 3372 1745 3419 Δτ
1814 3368 1832 3433 ΙΙ
1894 3371 1992 3419 831
2027 3364 2292 3418 immunis

275 3437 507 3506 Bentley
533 3439 553 3506 ΙΙ
579 3441 687 3489 888
711 3454 1038 3491 amazonum
1066 3444 1139 3491 A*
1170 3442 1191 3508 11
1219 3443 1342 3492 886.
1353 3444 1456 3492 23⁸7
1478 3440 1764 3494 Phaedrae
1789 3440 2186 3493 continuantur
2203 3442 2245 3488 Ε
2271 3435 2292 3507 Η

275 3508 410 3560 8891)
446 3511 551 3576 (pr.
590 3507 642 3561 h.
683 3528 730 3563 V.
768 3511 846 3578 p.)
884 3511 1169 3565 Phaedrae
1208 3515 1419 3564 suntA
1470 3512 1490 3579 u
1544 3515 1650 3563 840
1685 3528 1801 3563 nvr
1842 3509 1879 3562 f.
1920 3524 1967 3563 e.
2019 3527 2105 3561 ru.
2146 3524 2195 3562 a.
2236 3507 2290 3560 d.

274 3597 321 3634 v
352 3579 391 3633 f.
431 3584 476 3631 A
512 3582 531 3647 Η
568 3583 666 3632 841
703 3580 751 3633 si
787 3580 974 3650 fugiat
1009 3586 1054 3633 A
1086 3584 1108 3651 ss
1144 3586 1247 3635 846
1286 3581 1600 3634 adrianeA
1555 3585 1681 3652 Aru
1715 3586 1822 3635 846
1860 3580 2156 3651 splendida
2193 3586 2235 3630 Ε
2271 3581 2292 3647 fl

276 3658 379 3706 248
417 3651 598 3720 ipsam
636 3657 681 3704 A
708 3655 727 3721 ΙΙ
754 3656 859 3705 849
895 3666 998 3721 par
1035 3670 1073 3706 s
1104 3659 1148 3706 Ε
1173 3656 1195 3722 fl
1222 3657 1327 3706 856
1365 3653 1516 3706 ultra
1549 3667 1675 3706 reor
1710 3659 1752 3704 E
