2658 4117
349 264 473 328 198
986 266 1044 319 11.
1075 265 1358 319 ANNAEI
1395 266 1723 321 SENECAE

342 432 656 494 cruorque
704 414 923 474 sancto
974 410 1166 475 solvit
1212 412 1470 475 inferias
1516 414 1672 477 viro.

344 516 538 563 THES.
588 498 755 575 Quid
799 499 1006 563 facere
1051 504 1237 583 rapto
1287 501 1514 564 debeas
1562 506 1756 586 gnato
1804 524 2060 585 parens,

343 589 513 652 disce
559 611 596 652 a
642 609 940 653 noverca:
987 589 1257 653 condere
1302 588 1687 655 Acherontis
1734 592 1961 676 plagis.
2232 608 2372 655 1200

474 764 706 829 Pallidi
750 765 966 830 fauces
1011 765 1251 830 Averni
1298 788 1566 851 vosque,
1612 767 1916 832 Taenarei
1965 790 2218 851 specus,

341 855 512 917 unda
559 855 805 919 miseris
852 859 1035 940 grata
1079 855 1314 919 Lethes
1360 878 1621 939 vosque,
1667 860 1994 940 torpentes
2039 856 2236 939 lacus,

340 944 613 1026 impium
659 944 866 1027 rapite
911 947 1104 1027 atque
1151 966 1429 1008 mersum
1476 947 1748 1028 premite
1794 947 2119 1030 perpetuis
2165 946 2369 1009 malis.

342 1054 514 1096 nunc
559 1032 801 1114 adeste,
847 1054 1033 1097 saeva
1078 1034 1263 1116 ponti
1309 1037 1614 1116 monstra,
1661 1056 1831 1099 nunc
1875 1039 2129 1099 vastum
2177 1057 2371 1120 mare,

341 1121 571 1185 ultimo
590 1122 1037 1204 quodcumque
1045 1120 1317 1187 Proteus
1331 1140 1682 1206 aequorum
1698 1124 2032 1188 abscondit
2048 1124 2209 1206 sinu,
2231 1140 2369 1187 1205

341 1232 570 1293 meque
617 1213 915 1273 ovantem
962 1211 1196 1274 scelere
1242 1214 1423 1275 tanto
1471 1213 1676 1296 rapite
1731 1213 1798 1275 in
1850 1214 2016 1276 altos
2064 1213 2369 1297 gurgites.

340 1303 542 1382 tuque
589 1320 855 1382 semper,
902 1300 1172 1383 genitor,
1218 1300 1350 1364 irae
1395 1300 1603 1364 facilis
1649 1322 1943 1364 assensor
1987 1323 2190 1383 meae,

344 1392 552 1451 morte
595 1387 771 1452 facili
819 1388 1049 1489 dignus
1095 1388 1268 1452 haud
1315 1411 1456 1452 sum
1505 1391 1615 1472 qui
1662 1411 1829 1453 nova
1874 1394 2097 1453 natum
2143 1411 2298 1454 nece

342 1498 671 1561 segregem
727 1477 930 1560 sparsi
985 1499 1100 1560 per
1144 1498 1334 1562 agros
1382 1478 1645 1579 quique,
1701 1479 1851 1543 dum
1907 1478 2140 1542 falsum
2189 1480 2368 1542 nefas

341 1587 655 1649 exsequor
698 1565 933 1630 vindex
978 1588 1260 1649 severus,
1305 1568 1503 1631 incidi
1548 1568 1619 1631 in
1662 1589 1883 1631 verum
1931 1567 2369 1632 8001118.1210

342 1655 548 1719 sidera
595 1659 658 1719 et
704 1677 921 1719 manes
968 1658 1033 1719 et
1077 1657 1279 1719 undas
1327 1657 1561 1721 scelere
1608 1658 1923 1740 complevi
1972 1679 2142 1720 11100·

339 1744 618 1827 amplius
664 1765 800 1808 sors
847 1745 1025 1808 nulla
1071 1749 1294 1828 restat3
1340 1766 1538 1831 regna
1584 1768 1685 1809 me
1732 1749 1969 1809 norunt
2015 1747 2155 1809 tria.

473 1917 553 1984 In
596 1921 722 1985 hoc
766 1921 1089 1986 redimus?
1136 1923 1348 2006 patuit
1393 1924 1473 1987 ad
1520 1925 1765 1988 caelum
1811 1924 1941 2004 via,

338 2010 491 2074 bina
536 2013 610 2074 ut
654 2010 934 2075 viderem
978 2010 1205 2075 funera
1252 2015 1316 2076 et
1363 2013 1682 2098 geminam
1730 2034 1978 2095 necem,

341 2098 591 2162 caelebs
638 2103 702 2162 et
748 2100 939 2163 orbus
984 2101 1283 2165 funebres
1329 2124 1458 2166 una
1501 2102 1640 2167 face
2231 2119 2366 2166 1215

342 2190 417 2251 ut
462 2208 932 2252 concremarem
979 2190 1179 2272 prolis
1225 2211 1300 2253 ac
1346 2190 1614 2254 thalami
1660 2193 1896 2276 rogos?

342 2276 616 2340 donator
659 2280 833 2341 atrae
876 2278 1066 2361 lucis,
1112 2275 1365 2361 Alcide,
1410 2283 1594 2342 tuum

338 2364 479 2428 Diti
524 2366 777 2429 remitte
823 2388 1083 2450 munus3
1129 2372 1382 2451 ereptos
1428 2369 1589 2432 mihi

339 2455 605 2517 restitue
651 2476 884 2519 manes.
976 2455 1213 2538 impius
1257 2456 1497 2520 frustra
1542 2458 1770 2521 invoco

340 2547 612 2607 mortem
659 2544 946 2607 relictam
983 2581 1071 2590 —
1109 2545 1341 2609 crudus
1389 2550 1452 2609 et
1495 2546 1610 2610 leti
1656 2546 1913 2628 artifex,
2228 2563 2366 2610 1220

340 2633 537 2696 exitia
582 2631 986 2697 machinatus
1032 2633 1296 2698 insolita
1343 2634 1561 2717 effera,

341 2743 512 2786 nunc
556 2721 810 2786 tibimet
856 2723 992 2805 ipse
1037 2722 1206 2786 iusta
1252 2724 1568 2807 supplicia
1613 2723 1842 2808 irroga.

340 2811 532 2894 pinus
580 2813 802 2874 coacto
848 2811 1085 2875 vertice
1131 2812 1455 2897 attingens
1501 2812 1770 2876 humum

341 2900 517 2964 caelo
564 2900 895 2963 remissum
945 2901 1148 2964 findat
1193 2902 1263 2964 in
1307 2902 1595 2986 geminas
1641 2901 1879 2983 trabes,

483 3061 609 3108 1199
648 3075 794 3110 me.
824 3073 926 3112 om.
957 3061 1002 3109 A
1028 3060 1046 3126 ΙΙ
1073 3062 1207 3110 1200
1246 3057 1400 3111 disce
1429 3073 1496 3110 ex
1523 3076 1576 3110 n.
1607 3062 1652 3109 A
1678 3061 1697 3127 ΙΙ
1724 3062 1850 3111 1201
1888 3060 2237 3127 ’111118111αοίῖ
2268 3063 2313 3110 A
2355 3058 2361 3130 Ι

340 3126 556 3181 tenerai
602 3134 644 3180 Ε
699 3128 943 3182 trenarei
990 3133 1070 3180 A‘c
1123 3131 1142 3198 ΙΙ
1195 3134 1328 3181 1203
1385 3129 1623 3196 impium
1679 3129 1872 3183 abdite
1925 3130 2037 3184 Leo
2084 3131 2160 3183 II
2190 3134 2296 3183 381
2349 3132 2367 3199 ΙΙ

338 3204 475 3251 1204
511 3201 731 3252 vastum
768 3215 938 3268 pecus
976 3201 1041 3254 ci.
1080 3200 1305 3255 Richter
1340 3201 1507 3269 symb
1541 3217 1597 3268 p
1629 3203 1906 3268 36111205
1946 3201 2130 3253 sinum
2165 3206 2207 3252 Ε
2253 3200 2368 3255 ‘sed

337 3289 396 3323 m
451 3271 702 3338 (lineola)
759 3287 919 3324 erasa
963 3273 1207 3326 videtur'
1247 3278 1311 3325 ut
1356 3272 1468 3326 Leo
1514 3277 1759 3337 testatum,
1815 3272 1939 3324 simi
1994 3278 2036 3323 E
2083 3279 2118 3325 t.
2158 3274 2367 3338 Petere,

336 3341 482 3394 nihil
517 3342 749 3396 adnotat
782 3342 1053 3412 Ribbeck}
1091 3348 1222 3395 1207
1262 3359 1522 3396 ascensor
1557 3349 1599 3394 Ε
1628 3345 1645 3411 ΙΙ
1673 3347 1804 3395 1207
1845 3349 1969 3396 ante
2005 3348 2141 3396 1206
2178 3345 2370 3411 posuit

337 3412 571 3482 Bentley
598 3415 617 3480 ΙΙ
644 3417 777 3465 1208
819 3415 996 3467 morte
1074 3414 1270 3482 ignum
1307 3414 1526 3467 facinus
1565 3430 1732 3466 ausus
1772 3431 1895 3466 sum
1933 3415 2057 3480 (sic)
2096 3415 2193 3482 qui
2232 3419 2305 3466 Av
2349 3416 2368 3483 ΙΙ

338 3487 465 3534 1210
510 3483 714 3536 vindex
761 3483 1028 3537 scelestus
1075 3489 1120 3536 A
1171 3487 1178 3553 Ι
1228 3501 1419 3537 verum
1464 3484 1622 3538 nefas
1669 3489 1713 3536 A
1767 3487 1787 3552 Η
1839 3490 1958 3537 1211
2010 3485 2204 3538 8001011
2252 3492 2294 3538 Ε
2348 3488 2367 3555 ΙΙ

339 3556 465 3603 1213
503 3553 563 3604 111
601 3552 818 3606 caelum
854 3558 935 3605 Av
979 3557 998 3623 ΙΙ
1053 3561 1179 3607 1221
1217 3555 1417 3609 efferar
1453 3559 1534 3606 Δτ
1587 3558 1605 3624 ΙΙ
1659 3561 1795 3608 1222
1832 3556 1953 3624 ipse
1991 3556 2215 3610 tibimet
2252 3559 2368 3612 Leo

341 3637 464 3675 cum
502 3623 703 3676 Bothio
740 3627 931 3678 contra
969 3626 1133 3680 libros
