2658 4117
380 255 513 319 324
1021 253 1079 306 L.
1110 252 1394 306 ANNAEI
1432 250 1758 306 SENECAE

381 403 667 464 mutetur
714 398 913 480 orbiS,
960 398 1236 461 vallibus
1284 401 1498 460 currat
1543 399 1727 461 novis
2347 414 2416 461 85

379 488 603 553 Hister
648 509 974 569 novasque
1011 486 1243 550 Tanais
1291 485 1566 568 accipiat
1611 486 1763 549 vias.

383 578 489 659 da,
537 577 617 639 da
663 575 963 656 tuendos,
1008 573 1315 658 Iuppiter,
1364 576 1590 638 saltem
1640 574 1817 638 deos:

382 667 497 729 illa
540 664 763 729 licebit
807 665 1056 727 fulmen
1102 686 1139 726 a
1186 667 1368 746 parte
1413 663 1690 745 aufem,

381 776 503 839 ego
552 775 749 836 quam.
793 753 1040 816 tuebor.
1133 752 1267 815 sive
1314 752 1650 836 glacialem
1699 753 1950 834 polum,

382 864 495 906 seu
542 864 646 905 me
689 842 858 905 tueri
904 841 1214 904 fervidam
1262 844 1510 922 partem
1557 840 1766 921 iubeS‚
2349 856 2419 904 90

380 931 503 994 hae
550 951 688 994 esse
735 951 1003 1012 superos
1051 933 1231 1012 parte
1278 949 1535 992 securos
1582 932 1755 1011 puta.

384 1017 685 1082 Cirrhaea
728 1017 943 1081 Paean
987 1019 1229 1100 templa
1275 1022 1341 1080 et
1386 1017 1733 1080 aetheriam
1780 1018 2044 1079 domum

383 1110 677 1190 serpente
724 1127 907 1170 caeso
955 1107 1215 1169 meruit:
1264 1127 1302 1168 o
1352 1106 1648 1187 quotiens
1695 1106 1861 1169 iacet

383 1195 642 1278 Python
687 1196 756 1257 in
801 1195 1028 1277 hydra!
1076 1193 1370 1257 Bacchus
1417 1197 1481 1257 et
1526 1193 1796 1258 Perseus
1843 1194 1977 1257 deis

384 1286 513 1348 iam
561 1305 629 1346 se
674 1284 972 1346 intulere:
1021 1283 1131 1346 sed
1178 1286 1378 1364 quota
1402 1287 1521 1359 ‚est
1565 1284 1787 1346 mundi
1834 1282 2029 1366 plaga
2350 1298 2418 1345 95

387 1374 596 1436 oriens
643 1371 946 1435 subactus
993 1375 1105 1434 aut
1152 1374 1351 1452 quota
1396 1375 1493 1434 est
1535 1368 1803 1456 Gorgon
1847 1371 2025 1434 fera?

386 1462 529 1544 quis
577 1464 748 1524 astra
792 1464 981 1523 natus
1026 1458 1324 1522 laudibus
1373 1460 1606 1522 meruit
1653 1460 1784 1523 suis

386 1573 466 1614 ex
510 1554 576 1612 te
621 1553 685 1612 et
731 1548 1048 1612 noverea?
1097 1570 1287 1630 quem
1335 1549 1458 1611 tuli
1504 1549 1816 1612 mundum
1864 1552 2032 1631 peto,

522 1636 647 1701 Sed
692 1642 791 1719 tu,
839 1658 1052 1701 eomes
1098 1636 1339 1701 laboris
1385 1635 1715 1718 Herculei,
1760 1636 1988 1718 Licha,

386 1726 599 1809 perfer
643 1725 1035 1808 triumphos,
1080 1724 1315 1808 Euryti
1362 1726 1566 1788 victos
1610 1727 1776 1789 lares
2317 1740 2420 1787 100

388 1819 789 1898 stratumque
833 1836 1123 1899 regnum.
1214 1836 1329 1877 vos
1378 1834 1571 1896 pecus
1617 1815 1824 1897 rapite
1872 1814 2050 1876 ocius

390 1925 517 1986 qua
561 1904 803 1985 templa
848 1904 1082 1966 tollens
1130 1907 1272 1966 acta
1319 1899 1551 1965 Cenaei
1596 1900 1767 1965 Iovis

389 1996 607 2058 austro
653 1992 1009 2055 timendum
1058 1995 1305 2075 spectat
1351 1990 1716 2054 Euboicum
1764 2011 1955 2054 mare.

1229 2202 1575 2267 CHORVS

701 2327 827 2390 Par
871 2328 981 2390 ille
1028 2332 1125 2391 est
1172 2328 1418 2410 superis
1467 2329 1572 2390 oui
1616 2328 1856 2410 pariter
1902 2327 2036 2391 dies

569 2421 633 2479 et
677 2417 938 2480 fortuna
982 2416 1133 2498 fuit,
1180 2417 1407 2480 mortis
1453 2415 1649 2479 habet
1695 2417 1865 2479 vices
2316 2432 2421 2479 105

568 2507 739 2569 lente
787 2525 932 2567 oum
980 2504 1257 2568 trahitur
1302 2507 1436 2567 vita
1483 2505 1905 2589 gementibus,

571 2593 860 2676 quisquis
908 2593 1026 2656 sub
1074 2594 1343 2676 pedibus
1390 2593 1522 2657 fata
1567 2594 1823 2676 rapacia

568 2687 632 2745 et
678 2703 962 2765 puppem
1008 2684 1226 2764 posuit
1272 2682 1555 2746 fluminis
1601 2683 1842 2765 ultimi,

568 2792 701 2834 non
746 2771 1000 2853 captiva
1047 2770 1223 2834 dabit
1268 2771 1567 2834 bracchia
1612 2771 1886 2834 vinculis

567 2880 685 2922 neo
730 2881 1004 2942 pompae
1050 2861 1262 2923 veniet
1307 2860 1525 2923 nobile
1570 2860 1912 2923 ferculum:
2316 2876 2422 2923 110

567 2968 921 3029 numquam
968 2951 1065 3010 est
1111 2947 1220 3011 ille
1267 2949 1461 3011 miser
1506 2949 1609 3011 oui
1653 2948 1843 3011 facile
1890 2951 1987 3011 est
2033 2947 2213 3009 mori.
2249 2942 2252 2945 ’
2313 2943 2318 2946 ’

532 3126 600 3173 98
640 3123 700 3174 at
736 3120 995 3188 quotiens
1024 3126 1070 3172 A
1107 3137 1141 3173 a
1178 3140 1267 3188 qu.
1299 3123 1364 3175 ci.
1396 3123 1595 3189 Peiper
1620 3125 1639 3189 11
1666 3127 1764 3174 100
1801 3121 2015 3188 Euryta
2043 3126 2085 3171 Ε
2113 3123 2131 3189 11
2159 3126 2258 3173 102
2296 3121 2422 3189 pol-

390 3191 510 3244 lens
549 3207 647 3245 ara
683 3197 725 3242 Ε
765 3195 840 3259 (et
873 3194 953 3246 sic
988 3193 1121 3246 Birt
1157 3197 1288 3259 533)
1326 3192 1531 3246 tollens
1570 3208 1668 3245 ara
1695 3197 1741 3243 A
1777 3209 1911 3245 corr.
1944 3193 2182 3261 Rutyers
2208 3209 2268 3260 p.
2300 3197 2375 3246 92
2403 3195 2423 3261 11

390 3268 487 3314 103
518 3264 668 3315 astro
687 3268 733 3314 A
759 3265 778 3331 11
805 3263 1072 3318 Scaeuam
1088 3265 1516 3333 postmoloywm
1541 3263 1803 3331 mutari&
1828 3264 1970 3317 vidit
1989 3263 2198 3317 Melzer
2219 3279 2277 3331 p.
2303 3268 2371 3316 11
2402 3267 2425 3332 11

390 3352 516 3386 101111
553 3335 617 3386 in
653 3335 814 3387 inser.
846 3335 972 3388 add.
1012 3346 1068 3399 ψ
1105 3334 1125 3405 11
1160 3340 1257 3386 108
1295 3334 1524 3387 luminis
1561 3335 1669 3386 A(v)
1720 3333 1933 3387 liminis
1971 3345 2026 3397 ψ

552 3457 592 3507 *)
619 3458 677 3496 111
704 3459 894 3508 prologo
923 3459 1088 3507 Euryti
1126 3470 1318 3508 regnum
1356 3460 1407 3498 in
1435 3459 1621 3498 Euboea
1660 3461 1801 3499 habes
1842 3459 1888 3511 (v
1923 3459 2031 3509 100),
2079 3462 2176 3498 tum
2213 3459 2421 3509 virgines

393 3513 552 3555 captae
581 3511 779 3557 patriam
809 3510 1073 3550 Oechaliam
1110 3513 1385 3558 profitentur
1411 3511 1622 3552 Aetolam
1651 3514 1747 3564 (125
1761 3514 1889 3565 sqq.),
1927 3514 2050 3553 Ioles
2078 3513 2279 3551 lamenta
2308 3513 2422 3551 Tra-

392 3562 527 3599 chine
555 3563 809 3601 audiuntur
837 3568 942 3603 ante
961 3564 1136 3613 regiam
1158 3565 1216 3616 (v,
1239 3566 1328 3606 195.
1351 3565 1459 3615 224).
1505 3567 1578 3605 En
1606 3567 1788 3606 diversa
1808 3568 1947 3614 primi
1966 3569 2095 3606 actus
2115 3566 2420 3604 lineamenta!

392 3612 511 3651 Vide
539 3617 696 3653 notam
724 3615 862 3655 titulo
892 3617 1143 3656 subiectam
1173 3630 1215 3665 p.
1236 3620 1327 3660 319.
