2658 4117
866 257 1242 312 HERCVLEs
1281 258 1660 330 [OETAEvs]
2095 275 2096 280 ¹
2141 259 2267 322 367

255 425 418 485 quae
464 406 633 466 terra
678 403 881 466 vidit?
930 404 1133 468 siccus
1181 425 1516 468 aerumnas
1563 405 1702 468 tuli.

252 492 376 556 tibi
420 492 534 554 illa
579 493 809 575 virtue,
855 513 1017 575 quae
1062 496 1177 556 tot.
1207 493 1379 557 elisit
1423 493 1620 576 mala,
1956 553 1962 560 .
2135 510 2276 561 1270
2332 551 2338 558 .

254 581 375 644 tibi
422 581 612 644 cessit
656 582 795 665 uni3
841 582 1049 664 prima
1095 585 1158 645 et
1203 585 1351 646 ante
1399 583 1605 646 omnis
1653 583 1812 646 mihi

254 670 477 734 fletum
524 669 871 733 abstulisti:
920 671 1138 734 durior
1174 693 1327 734 saxo
1375 671 1635 735 horrido

254 763 319 823 et
365 757 633 842 chalybe
678 760 893 823 voltus
941 763 1005 822 et
1050 782 1214 845 vaga
1261 757 1689 846 Symplegade

251 848 450 912 rictus
496 869 673 911 meos
720 848 983 933 infregit
1028 852 1092 911 et
1136 850 1466 912 lacrimam
1514 850 1778 933 expulit.

253 937 508 1001 flentem
559 940 946 1022 gementem,
993 959 1239 1001 summe
1284 960 1403 1021 pro
1448 943 1658 1002 rector
1701 939 1863 1021 poli,
2136 955 2273 1003 1275

252 1048 354 1089 me
399 1029 570 1089 terra
614 1026 801 1109 vidit,
850 1026 1148 1109 quodque
1194 1049 1296 1090 me
1341 1031 1599 1110 torquet
1644 1028 1876 1112 magiS,

249 1135 524 1178 noverca
567 1116 744 1179 vidit.
835 1116 966 1179 urit
1013 1137 1156 1180 ecce
1203 1117 1436 1180 iterum
1482 1115 1676 1179 fibras
1686 1166 1704 1199 ,

250 1204 519 1267 incaluit
565 1205 752 1268 ardor
787 1241 874 1250 —
911 1206 1078 1268 unde
1124 1227 1295 1269 nunc
1340 1205 1587 1269 fulmen
1634 1206 1835 1270 mihi?

636 1398 838 1446 CHOR.
887 1380 1053 1457 Quid
1099 1405 1231 1446 non
1276 1384 1484 1467 possit
1530 1405 1827 1466 superare
1874 1383 2097 1448 dolor?

517 1470 838 1551 quondam
889 1468 1108 1535 Getico
1157 1473 1377 1535 durior
1420 1471 1669 1536 Haemo
2136 1488 2274 1536 1280

515 1579 632 1622 nec
677 1558 1015 1623 Parrhasio
1062 1561 1269 1623 lenior
1315 1583 1431 1623 axe

517 1669 704 1710 saevo
754 1648 943 1711 cessit
989 1647 1276 1711 membra
1322 1649 1531 1712 dolori
1717 1711 1726 1718 ,

513 1736 881 1818 fessumque
928 1758 1190 1800 movens
1237 1758 1353 1820 per
1398 1736 1566 1800 colla
1612 1741 1805 1820 caput

513 1825 681 1887 latus
729 1825 973 1888 alterno
1020 1826 1300 1908 pondere
1347 1826 1573 1907 flectit,

514 1913 736 1977 fletum
782 1914 984 1977 virtus
1033 1936 1220 1997 saepe
1265 1914 1569 1978 resorbet.
2133 1930 2273 1979 1285

515 2003 606 2067 sic
652 2006 899 2068 arctoas
945 2004 1160 2068 laxare
1205 2003 1386 2068 nives

514 2093 806 2175 quamvis
853 2094 1071 2176 tepido
1120 2093 1324 2156 sidere
1372 2093 1562 2157 Titan

511 2203 642 2244 non
687 2185 904 2245 tamen
950 2181 1141 2245 audet
1187 2183 1513 2265 vincitque
1559 2183 1729 2246 faces

514 2271 667 2334 solis
715 2270 918 2334 adulti
966 2271 1233 2356 glaciale
1280 2271 1482 2335 iubar.

769 2482 1236 2548 HERCVLES
1311 2482 1735 2547 ALCMENA

379 2605 690 2673 Converte
735 2611 952 2673 voltus
1000 2611 1078 2673 ad
1124 2633 1298 2674 meas
1347 2610 1582 2692 cladeS,
1628 2613 1832 2692 pater:
2132 2625 2270 2673 1290

243 2717 599 2778 numquam
648 2699 726 2761 ad
773 2701 916 2762 tuas
966 2699 1259 2784 confugit
1304 2696 1561 2763 Alcides
1608 2720 1861 2780 manuS,

239 2805 374 2848 non
420 2807 566 2849 cum
613 2809 729 2870 per
774 2792 948 2851 artus
995 2787 1200 2870 hydra
1245 2789 1589 2852 fecundum
1637 2809 1813 2851 meos

240 2877 436 2957 caput
483 2876 856 2960 explicaret3
903 2877 1071 2940 inter
1116 2876 1399 2940 infernos
1446 2878 1621 2940 lacus

238 2983 573 3047 possessus
622 2969 759 3028 atra
804 2969 991 3029 nocte
1039 2986 1183 3028 cum
1230 2964 1391 3029 Fato
1440 2966 1586 3028 steti

381 3126 515 3173 1270
551 3138 653 3175 om.
692 3127 734 3173 E
789 3123 807 3191 ΙΙ
861 3128 988 3176 1271
1017 3138 1208 3176 omnes
1246 3127 1291 3174 A
1335 3124 1353 3192 ΙΙ
1397 3127 1533 3175 1272
1553 3138 1629 3185 sq.
1670 3120 1862 3173 durius
1883 3120 2165 3173 -·volnus
2202 3123 2269 3174 ci.

237 3191 449 3246 Melzer
468 3208 526 3260 p.
547 3196 623 3246 29
650 3194 668 3261 ΙΙ
696 3198 829 3246 1278
856 3208 1031 3263 vagas
1060 3193 1420 3263 tymphalida
1445 3199 1488 3245 Ε
1518 3196 1536 3263 ΙΙ
1562 3197 1697 3245 1274
1733 3192 1874 3245 ritus
1904 3193 1979 3246 N.
1999 3192 2271 3246 Heinsius

230 3280 287 3331 p.
318 3267 432 3316 277
468 3265 586 3318 coll.
626 3264 762 3318 Stat.
810 3266 968 3319 Theb.
1010 3266 1148 3318 XII
1177 3269 1285 3319 535
1347 3267 1354 3331 Ι
1412 3264 1673 3317 lacrimas
1728 3269 1770 3315 Β·
1830 3265 1837 3332 Ι
1899 3262 2101 3316 extulit
2155 3268 2200 3315 A
2254 3266 2271 3332 ΙΙ

234 3338 369 3387 1275
407 3337 735 3404 prospector
772 3339 886 3388 A(2')
922 3338 1208 3406 protector
1244 3348 1299 3402 ψ
1338 3338 1357 3405 ΙΙ
1396 3341 1523 3389 1281
1560 3334 1821 3403 parnasio
1859 3341 1901 3387 Β·
1935 3338 1942 3405 Ι
1974 3334 2178 3387 lentior
2215 3352 2269 3389 ω

232 3410 395 3461 corr.'
424 3407 501 3460 D.
540 3406 812 3461 Heinsius
867 3410 946 3476 (et
1000 3407 1059 3461 P.
1113 3408 1321 3462 lentior
1380 3407 1619 3475 Gronov)
1675 3408 1693 3475 ΙΙ
1747 3411 1883 3458 1282
1937 3405 2100 3459 laeuo
2154 3411 2197 3457 Ε
2254 3408 2272 3474 Η

232 3481 367 3529 1283
407 3480 599 3531 mouet
635 3484 677 3530 Ε
732 3481 751 3548 ΙΙ
805 3483 936 3531 1285
973 3479 1210 3532 resoluit
1245 3484 1290 3531 A
1337 3481 1354 3547 ΙΙ
1394 3484 1526 3531 1288
1563 3477 1850 3545 vincitque
1888 3477 2046 3530 nefas
2083 3479 2198 3528 A(v)
2253 3480 2271 3546 Η

232 3552 369 3600 1289
390 3547 579 3601 adusti
599 3567 654 3603 ω
684 3566 820 3604 corr.
842 3551 1162 3622 Zinzerliny
1191 3551 1436 3618 (Petu-on.
1468 3567 1509 3604 c.
1533 3554 1639 3603 119
1667 3567 1714 3604 v.
1738 3552 1869 3616 148)
1899 3551 1917 3619 ΙΙ
1945 3553 2078 3601 1290
2106 3549 2269 3602 inser.

222 3635 324 3673 om.
364 3630 419 3691 ψ
