2658 4117
390 222 469 283 18
1034 218 1091 269 L.
1125 217 1405 270 ANNAEI
1444 217 1769 271 SENECAE

386 382 536 428 LYC.
587 363 936 447 Sceptrone
983 367 1204 425 nostro
1250 364 1531 425 famulus
1580 368 1675 426 est
1721 365 1937 446 potior
1981 365 2145 428 tibi?
2307 383 2420 430 430

384 471 548 517 MEG.
598 452 767 527 Quot
813 453 933 516 iste
978 452 1259 515 famulus
1306 451 1572 514 tradidit
1614 474 1797 536 reges
1843 454 2000 516 neci.

386 560 536 606 LYC.
587 540 715 606 Cur
761 563 914 625 ergo
960 543 1099 626 regi
1146 541 1343 604 servit
1388 545 1451 603 et
1496 542 1740 623 patitur
1785 542 2054 626 iugum?

384 648 548 694 MEG.
597 631 872 712 Imperia
918 630 1076 692 dura
1120 632 1302 693 tolle:
1352 629 1507 711 quid
1553 631 1755 693 virtus
1803 631 1966 693 erit?

386 737 534 783 LYC.
584 717 770 782 Obici
814 719 967 782 feris
1014 720 1446 801 monstrisque
1494 719 1796 782 virtutem
1844 721 2077 802 putas‘.>

384 825 547 872 MEG.
597 807 875 871 Virtutis
923 813 1021 871 est
1068 808 1325 871 domare
1374 829 1536 889 quae
1584 809 1799 871 cuncti
1844 814 2095 892 pavent.
2308 826 2418 874 435

385 915 535 961 LYC.
576 897 911 960 Tenebrae
958 898 1329 979 loquentem
1377 919 1613 980 magna
1659 896 2005 962 Tartareae
2050 904 2369 982 premunt.

384 1003 548 1050 MEG.
593 985 748 1049 Non
794 991 891 1049 est
937 987 1017 1048 ad
1065 990 1234 1048 astra
1279 985 1495 1048 mollis
1542 1008 1576 1049 e
1622 986 1808 1048 terris
1855 987 1974 1050 via.

385 1094 534 1139 LYC.
583 1074 722 1149 Quo
768 1079 951 1157 patre
999 1076 1252 1159 genitus
1300 1075 1600 1138 caelitum
1649 1080 1864 1158 sperat
1910 1076 2180 1139 domos?

383 1183 597 1228 AMPH.
645 1163 1010 1227 Miseranda
1056 1163 1339 1226 coniunx
1383 1162 1681 1227 Herculis
1728 1166 1976 1248 magni,
2023 1165 2163 1228 sile:

384 1258 600 1338 partes
647 1275 826 1316 meae
875 1257 1024 1316 sunt
1067 1252 1329 1316 reddere
1377 1250 1641 1315 Aloidae
1687 1257 1934 1334 patrem
2303 1271 2410 1318 440

385 1364 714 1427 genusque
759 1364 997 1405 verum.
1089 1346 1240 1424 post
1284 1345 1386 1404 tot
1430 1341 1710 1425 ingentis
1757 1342 1877 1405 viri

384 1432 797 1495 memoranda
841 1432 1012 1494 faeta
1058 1435 1334 1512 postque
1380 1434 1679 1512 pacatum
1727 1453 1920 1493 manu

386 1520 836 1603 quodcumque
881 1519 1073 1581 Titan
1121 1523 1298 1582 ortus
1347 1522 1411 1581 et
1454 1520 1677 1582 labens
1724 1519 1921 1602 videt,

385 1612 536 1693 post
580 1612 868 1671 monstra
912 1612 1012 1671 tot
1057 1608 1445 1690 perdomita,
1491 1613 1640 1691 post
1685 1607 2027 1693 Phlegram
2077 1609 2276 1691 impio

385 1720 670 1781 sparsam
719 1718 942 1759 0111010
988 1701 1263 1779 postque
1310 1697 1603 1760 defensos
1652 1697 1803 1760 deos
2304 1714 2410 1760 445

383 1787 667 1850 nondum
715 1787 921 1868 liquet
966 1786 1043 1848 de
1090 1786 1314 1869 patre?
1362 1786 1710 1849 mentimur
1753 1785 1997 1849 Iovem:

382 1875 648 1939 Iunonis
697 1875 844 1938 odio
893 1875 1092 1937 crede.
1185 1892 1335 1938 LYO.
1383 1873 1549 1948 Quid
1595 1874 1798 1937 violas
1845 1873 2107 1938 Iovem?

387 1967 658 2028 mortale
705 1964 881 2028 eaelo
928 1984 1060 2026 non
1105 1967 1320 2044 potest
1365 1964 1545 2045 iungi
1592 1985 1812 2045 genus

384 2073 597 2117 ΑΜΡΗ.
646 2050 1021 2117 Communis
1069 2053 1192 2115 ista
1238 2052 1531 2135 pluribus
1579 2073 1770 2116 eausa
1816 2056 1912 2116 est
1959 2051 2108 2115 deis,

386 2161 536 2205 LYC.
585 2142 920 2205 Famuline
964 2142 1219 2203 fuerant
1265 2145 1411 2204 ante
1461 2163 1651 2223 quam
1698 2142 1926 2203 fierent
1971 2141 2117 2204 dei‘?
2308 2159 2413 2206 450

385 2249 598 2293 ΑΜΡΗ.
645 2230 875 2293 Pastor
920 2229 1237 2292 Pheraeos
1284 2230 1509 2293 Delius
1558 2230 1737 2313 pavit
1784 2251 2024 2314 greges,

387 2336 536 2382 LYC.
587 2317 713 2382 Sed
758 2340 891 2381 non
935 2341 1051 2401 per
1098 2340 1318 2381 omnes
1367 2319 1517 2382 exul
1563 2319 1797 2381 erravit
1840 2320 2082 2404 plagas,

385 2426 595 2471 ΑΜΡΠ.
645 2406 846 2481 Quem
894 2408 1171 2492 profuga
1215 2411 1384 2471 terra
1429 2411 1635 2470 mater
1680 2411 1928 2471 errante
1975 2408 2215 2470 edidit?

388 2514 537 2560 LYC.
586 2495 761 2559 Num
809 2500 1097 2559 monstra
1144 2518 1333 2560 saeva
1379 2496 1679 2560 Phoebus
1728 2500 1837 2559 aut
1882 2497 2101 2559 timuit
2145 2497 2355 2560 feras?

384 2604 597 2649 ΑΜΡΠ.
644 2584 897 2648 Primus
946 2586 1213 2670 sagittas
1260 2585 1495 2648 imbuit
1540 2584 1788 2648 Phoebi
1836 2584 2040 2649 draeo,
2310 2601 2411 2648 455

387 2692 537 2738 LYO.
585 2672 789 2748 Quam
837 2675 1058 2758 gravia
1104 2696 1339 2756 parvus
1385 2674 1605 2736 tulerit
1650 2675 1909 2758 ignoras
1954 2674 2168 2737 mala?

385 2782 598 2827 AMPH.
645 2762 702 2825 E
752 2764 974 2826 matris
1020 2767 1204 2825 utero
1249 2763 1520 2825 fulmine
1567 2764 1805 2826 eiectus
1851 2785 2011 2846 puer

385 2875 539 2916 mox
583 2851 953 2915 fulminanti
998 2852 1331 2934 proximus
1377 2852 1547 2934 patri
1592 2852 1787 2914 stetit.

388 2941 585 3024 quid}>
633 2942 744 3022 qui
792 2940 1106 3023 gubernat
1153 2943 1349 3022 astra,
1399 2939 1511 3022 qui
1556 2940 1759 3003 nubes
1807 2940 2039 3023 quatit,

385 3051 519 3093 non
564 3029 758 3092 latuit
803 3028 1014 3092 infans
1061 3030 1240 3112 rupis
1286 3028 1513 3091 Idaeae
1562 3029 1800 3111 specu?
2305 3044 2412 3094 460

528 3225 633 3272 430
681 3223 1013 3288 sceptroque
1061 3227 1153 3273 Ετ
1201 3237 1273 3273 80.
1316 3236 1539 3287 quoque
1576 3222 1683 3272 A(v)
1730 3238 1864 3273 corr.
1914 3230 1969 3284 ψ
2030 3222 2038 3287 Ι
2096 3220 2282 3288 potior
2328 3224 2413 3274 est

385 3290 630 3343 famulus
667 3296 711 3342 A
748 3296 765 3358 ΙΙ
802 3297 907 3343 436
947 3294 1272 3357 sequentem
1310 3293 1545 3361 Bentley
1581 3294 1599 3358 ΙΙ
1644 3296 1749 3342 438
1786 3293 2048 3359 penetrat
2085 3292 2277 3343 domos
2315 3296 2360 3342 A
2395 3292 2414 3363 Η

385 3366 490 3412 440
527 3377 687 3413 meae
724 3362 830 3413 hae
870 3364 1000 3414 sunt
1037 3367 1081 3413 A
1135 3365 1153 3430 Η
1207 3368 1311 3414 453
1353 3365 1632 3415 errantem
1671 3362 1831 3414 dedit
1868 3366 1912 3412 A
1968 3363 2414 3431 interrogationis

383 3434 604 3501 signnm
635 3435 823 3500 posu-it
861 3434 945 3485 M.
980 3434 1190 3486 Mn‘ller
1221 3452 1277 3501 p.
1310 3440 1382 3486 10
1422 3437 1441 3501 Η
1486 3439 1591 3484 454
1629 3450 1742 3486 11011
1777 3435 2045 3499 monstra,
2085 3448 2277 3486 saevas
2316 3438 2361 3484 A
2402 3435 2408 3504 1

386 3502 545 3555 olava
576 3535 641 3541 —
672 3502 891 3555 domuit
928 3506 1159 3573 Bentley
1189 3507 1207 3573 Η
1234 3510 1340 3555 456
1378 3505 1776 3574 Amphitryoni
1812 3506 2142 3559 continuant
2179 3523 2234 3557 ω
2276 3521 2410 3558 corr.

389 3574 592 3627 Gruter
618 3576 636 3641 ΙΙ
663 3579 769 3625 460
806 3574 961 3641 rupis
1001 3590 1198 3627 exesae
1235 3580 1280 3626 A
1319 3579 1394 3641 (et
1428 3577 1508 3629 sie
1545 3577 1753 3643 Bentl.)
2205 3581 2206 3584 ’
2378 3612 2382 3614 -
