2658 4117
862 240 1238 297 HERCVLES
1279 241 1660 313 [OETAEVS]
2149 244 2279 308 337

247 386 416 449 fixus
463 385 791 467 medullis,
837 386 1046 468 crede3
1095 386 1205 450 sed
1252 407 1524 470 magnus
1573 387 1756 450 dolor

249 476 451 538 iratus
497 496 681 538 amor
725 478 838 537 est.
930 492 1088 538 Nv'r.
1137 472 1407 539 Artibus
1453 476 1720 560 magicis
1767 476 1898 539 fere

250 563 553 648 coniugia
596 567 836 646 nuptae
882 564 1178 646 precibus
1226 564 1528 627 admixtis
1575 565 1798 649 ligant.

249 654 512 715 vernare
558 652 717 716 iussi
761 652 1000 736 frigore
1048 652 1114 714 in
1161 653 1372 716 medio
1422 675 1646 717 nemus

249 741 645 823 missumque
689 740 937 804 fulmen
983 744 1177 825 stare3
1226 743 1521 805 concussi
1566 743 1803 805 fretum
2171 756 2274 805 455

250 833 535 893 cessante
580 833 800 912 vento,
845 830 1174 893 turbidum
1224 830 1504 911 explicui
1551 852 1724 893 mare

251 921 316 982 et
361 917 530 981 sicca
573 918 765 981 tellus
812 918 1101 982 fontibus
1149 920 1360 1000 patuit
1405 919 1620 1002 novis3

249 1006 530 1069 habuere
574 1010 824 1069 motum
873 1028 1050 1088 saxa,
1097 1007 1371 1071 discussi
1414 1008 1585 1071 fores

249 1094 638 1177 umbrasque
682 1094 885 1177 Ditis,
933 1099 997 1158 et
1042 1117 1185 1159 mea
1231 1096 1392 1158 iussi
1436 1117 1620 1178 prece

250 1205 467 1246 manes
513 1184 832 1265 locuntur,
876 1185 1078 1247 tacuit
1124 1185 1411 1248 infernus
1460 1185 1662 1268 cam‘s;
2171 1199 2278 1247 460

248 1294 379 1335 nox
425 1271 635 1335 media
679 1273 880 1335 solem
926 1272 1089 1336 vidit
1135 1277 1198 1336 et
1242 1277 1501 1338 noctem
1551 1274 1709 1336 dies:
2172 1289 2274 1335 462

248 1382 422 1424 mare
468 1364 636 1424 terra
682 1362 928 1424 caelum
975 1365 1039 1424 et
1075 1360 1378 1425 Tartarus
1427 1363 1623 1425 servit
1669 1361 1830 1425 mihi
2159 1353 2272 1423 '461

248 1448 540 1532 nihilque
587 1450 762 1533 leges
809 1450 890 1512 ad
935 1471 1112 1513 meos
1162 1454 1387 1514 cantus
1435 1454 1635 1514 tenet:

247 1538 581 1602 flectemus
629 1538 841 1619 illum,
888 1538 1173 1600 carmina
1218 1538 1548 1602 invenient
1593 1540 1728 1601 iter.

248 1644 387 1690 DEI.
437 1624 606 1700 Quas
635 1625 881 1689 Pontus
919 1626 1149 1689 herbas
1188 1630 1451 1710 generat
1487 1631 1599 1689 aut
1628 1647 1786 1707 quas
1816 1625 2126 1688 Thessala
2171 1640 2275 1687 465

249 1715 369 1778 sub
415 1736 575 1797 rupe
620 1713 862 1777 Pindus
911 1713 1050 1776 alit:
1097 1714 1212 1777 ubi
1256 1714 1579 1777 inveniam
1627 1715 1868 1777 malum

250 1804 356 1868 cui
403 1802 586 1867 cedat
632 1801 785 1865 ine?
833 1802 1113 1865 carmine
1160 1802 1229 1865 in
1273 1806 1475 1865 terras
1521 1823 1711 1886 mago

250 1891 590 1968 descendat
635 1891 823 1953 astris
870 1889 1054 1953 Luna
1099 1890 1366 1953 desertis
1412 1890 1564 1954 licet

249 1984 313 2043 et
359 1979 587 2042 bruma
634 2000 871 2042 messes
918 1978 1132 2042 videat
1177 1983 1241 2042 et
1287 1982 1482 2042 cantu
1527 1979 1727 2065 fugax

251 2072 377 2132 stet
424 2068 887 2151 deprehensum
932 2068 1179 2131 fulmen
1224 2072 1288 2131 et
1335 2090 1515 2131 versa
1561 2069 1699 2132 vice
2172 2084 2276 2131 470

250 2157 496 2221 medius
543 2158 780 2221 coactis
825 2158 1069 2221 ferveat
1115 2157 1320 2220 stellis
1368 2156 1529 2219 dies:

247 2268 382 2309 non
425 2246 639 2309 flectet
685 2246 886 2308 illum.
979 2263 1138 2308 NVT.
1186 2244 1365 2309 Vicit
1411 2248 1475 2308 et
1521 2266 1786 2327 superos
1824 2242 2043 2308 Amor.

247 2352 387 2397 DEI.
434 2333 748 2398 Vincetur
791 2334 906 2397 uni
950 2334 1170 2397 forsan
1215 2338 1279 2397 et
1325 2333 1607 2416 spolium
1647 2332 1826 2397 dabit

245 2421 577 2506 Amorque
623 2444 910 2486 summus
956 2423 1069 2485 fiet
1105 2421 1372 2486 Alcidae
1417 2422 1618 2485 labor.
1664 2457 1738 2466 —-

247 2511 359 2574 sed
404 2515 469 2575 te
514 2533 629 2593 per
675 2533 863 2574 omne
909 2511 1211 2574 caelitum
1257 2533 1497 2574 numen
1542 2531 1785 2593 precor,
2170 2525 2273 2572 475

247 2622 363 2683 per
407 2600 582 2664 hunc
625 2600 949 2663 timorem:
998 2599 1307 2682 quicquid
1354 2600 1569 2663 arcani
1613 2619 1851 2682 apparo

246 2688 503 2770 pem‘tus
548 2688 857 2752 recondas
904 2692 968 2751 et
1013 2688 1138 2751 fide
1185 2689 1381 2751 tacita
1427 2708 1695 2771 premas.

387 2883 495 2931 452
540 2878 661 2932 fare
706 2884 749 2930 E
812 2880 831 2945 ΙΙ
891 2883 997 2931 455
1045 2877 1396 2944 mixtumque
1440 2877 1644 2930 flumen
1690 2883 1733 2928 E
1798 2877 1817 2944 ΙΙ
1878 2881 1983 2928 458
2032 2875 2270 2929 discussi

247 2949 471 3002 arbores
509 2953 574 3003 ci.
606 2951 739 3003 Birt
775 2948 1012 3002 discussi
1048 2947 1256 3001 inferos
1295 2949 1409 3002 Leo
1453 2950 1471 3015 ΙΙ
1525 2953 1629 2999 459
1667 2946 1899 2999 umbrae
1938 2946 2175 3000 stetistis
2214 2965 2270 3000 ω

244 3037 381 3074 corr.
413 3021 637 3074 Richter
671 3021 838 3090 symb.
861 3036 920 3088 p.
953 3023 1026 3072 38
1064 3018 1268 3089 (undae
1308 3019 1458 3087 Birt)
1513 3020 1531 3087 ΙΙ
1585 3023 1690 3069 460
1728 3017 1917 3070 sonuit
1951 3022 1997 3068 A
2033 3017 2189 3070 novit
2225 3023 2267 3068 E

245 3107 382 3145 corr.
423 3092 536 3145 Leo
573 3092 615 3144 I
633 3094 746 3145 224
799 3092 817 3158 ΙΙ
869 3095 968 3142 461
1003 3107 1104 3144 om.
1139 3095 1209 3155 E,
1248 3096 1368 3157 post
1402 3093 1507 3141 462
1540 3090 1728 3155 posuit
1763 3088 1939 3142 Bothe
1983 3091 2002 3157 ΙΙ
2045 3093 2149 3140 468
2188 3089 2270 3142 te-

245 3163 383 3214 nent
429 3180 485 3215 ω
530 3178 665 3216 corr.
704 3172 760 3226 ψ
820 3164 841 3230 ΙΙ
902 3165 1006 3213 465
1056 3176 1199 3228 quae
1246 3159 1347 3213 Th.
1388 3160 1493 3212 Mt)
1534 3163 1553 3230 ss
1588 3164 1694 3211 466
1743 3157 1888 3212 aluit
1928 3164 1971 3210 E
2022 3160 2121 3211 aut
2166 3159 2273 3211 A(v)

243 3249 380 3287 corr.
420 3234 622 3300 Peiper
665 3231 802 3300 (tale
849 3231 949 3284 ubi
995 3232 1144 3297 Birt)
1207 3233 1226 3300 ΙΙ
1286 3235 1391 3283 467
1438 3229 1601 3284 terris
1643 3235 1687 3281 E
1741 3232 1760 3298 ΙΙ
1812 3234 1917 3281 468
1966 3229 2272 3283 descendat

245 3303 306 3355 in
351 3307 504 3356 astra
557 3303 693 3356 luna
748 3302 1004 3355 discedat
1047 3302 1183 3355 licet
1226 3308 1269 3353 Ε
1334 3304 1352 3369 ΙΙ
1414 3306 1520 3354 470
1576 3300 1651 3354 sit
1705 3300 1858 3368 depr.
1905 3305 1951 3351 A
2010 3303 2018 3369 Ι
2085 3299 2123 3354 f.
2172 3300 2272 3352 ad-

244 3391 405 3428 versa
468 3392 518 3426 v,
574 3380 618 3426 E
682 3375 700 3441 ΙΙ
761 3378 861 3425 471
915 3391 986 3424 111.
1046 3390 1090 3425 6.
1147 3372 1359 3441 fugerit
1411 3377 1457 3423 A
1516 3373 1537 3439 ΙΙ
1599 3376 1706 3424 472
1744 3389 1797 3424 11.
1854 3369 1893 3424 f.
1944 3388 2119 3424 unum
2172 3374 2272 3423 EA

244 3444 448 3514 (visum
492 3447 569 3513 ψ)
625 3462 759 3498 coi-r.
801 3444 1024 3498 Richter
1078 3443 1179 3512 (sic
1225 3445 1370 3496 teste
1416 3444 1597 3496 Leone
1652 3443 1765 3496 cod.
1814 3442 1990 3495 Lawr.
2032 3446 2122 3507 37,
2162 3444 2216 3509 6)
2260 3443 2266 3513 Ι

242 3532 430 3570 versus
493 3522 636 3569 totus
689 3516 995 3569 Deianirae
1059 3521 1134 3568 est
1187 3519 1229 3564 E
1302 3515 1321 3582 n
1397 3518 1500 3566 477
1559 3513 1724 3566 fidem
1788 3512 2024 3566 tacitam
2089 3512 2271 3582 expri-

245 3602 367 3639 mas
406 3592 448 3638 E

354 3685 574 3725 Sumen
602 3693 928 3739 ruscianum.
1883 3678 1949 3725 22
