2658 4117
336 237 470 302 232
990 236 1049 289 L.
1081 236 1361 289 ANNAEI
1400 236 1726 290 SENECAE

338 398 487 446 SEN.
532 380 768 445 Forata
811 382 979 446 ferro
1029 403 1314 466 gesseras
1362 382 1661 466 vestigia,

335 475 589 534 tumore
634 474 861 534 nactus
907 492 1145 534 nomen
1189 491 1264 533 ac
1309 469 1470 533 vitio
1516 470 1770 553 pedum.

338 575 499 623 OED.
547 557 704 634 Quis
749 560 945 623 fuerit
992 559 1100 622 ille
1148 559 1260 642 qui
1306 580 1521 621 meum
1568 559 1735 622 dono
1784 558 1958 622 dedit

337 668 571 731 corpus
616 648 891 731 requiro,

793 753 940 800 SEN.
987 735 1226 821 Regios
1272 736 1454 818 pavit
1498 757 1753 820 greges3
2262 751 2373 800 815

335 825 551 887 minor
596 825 715 889 sub
763 826 876 890 illo
923 825 1114 888 turba
1138 830 1490 908 ‘pastorum
1535 824 1676 888 fuit.

304 928 500 977 ’οΕ1).
549 912 872 997 Eloquere
919 935 1170 977 nomen.

1068 1019 1215 1065 SEN.
1262 1000 1481 1065 Prima
1523 1001 1882 1085 languescit
1929 1022 2153 1065 senum

336 1090 649 1153 memoria
691 1091 889 1176 longo
935 1091 1105 1154 lassa
1151 1089 1497 1154 sublabens
1545 1090 1690 1153 situ.
1997 1116 2000 1119 ·

341 1194 504 1242 OED.
549 1178 825 1242 Potesne
871 1178 1033 1242 facie
1079 1199 1342 1243 noscere
1389 1199 1464 1242 ac
1508 1178 1693 1241 vultu
1738 1178 1989 1241 virum?

340 1283 489 1330 SEN.
534 1265 831 1330 Fortasse
876 1287 1164 1330 noscam:
1211 1289 1400 1349 saepe
1446 1267 1574 1329 iam
1620 1266 1830 1349 spatio
1879 1267 2175 1331 obrutam
2264 1281 2373 1330 820

336 1355 500 1419 levis
546 1358 863 1419 exoletam
909 1356 1285 1419 memoriam
1333 1358 1590 1418 revocat
1636 1358 1808 1419 nota.

341 1460 502 1508 OED.
549 1442 655 1507 Ad
700 1466 879 1509 sacra
924 1448 989 1508 et
1034 1466 1174 1508 aras
1223 1466 1412 1507 omne
1460 1444 1866 1526 compulsum
1913 1464 2108 1527 pecus

341 1533 534 1597 duces
581 1537 955 1617 sequantur3
985 1533 1117 1616 ite,
1162 1554 1434 1616 propere
1480 1533 1809 1616 accersite,

339 1621 593 1703 famuli,
639 1644 834 1705 penes
882 1644 1042 1705 quos
1090 1644 1342 1686 summa
1388 1621 1685 1686 consistit
1728 1642 2011 1706 gregum.

341 1728 489 1774 SEN.
538 1709 686 1774 Sive
732 1712 856 1774 ista
897 1711 1065 1774 ratio
1111 1710 1246 1775 sive
1291 1710 1553 1773 fortuna
1601 1710 1862 1793 occulit,
2264 1724 2371 1772 825

337 1799 538 1862 latere
586 1821 836 1882 semper
879 1803 1097 1883 patere
1145 1800 1317 1882 quod
1363 1799 1557 1863 latuit
1602 1799 1737 1862 diu:

340 1909 531 1970 saepe
578 1889 857 1952 eruentis
903 1889 1138 1952 veritas
1183 1888 1394 1971 patuit
1441 1888 1630 1951 malo.

342 1991 503 2039 OED.
550 1974 795 2039 Malum
843 1977 1058 2040 timeri
1103 1977 1308 2040 maius
1353 1976 1457 2040 his
1504 1975 1767 2060 aliquod
1812 1975 2069 2060 potest?

342 2081 490 2128 SEN.
537 2064 847 2149 Magnum
895 2088 1032 2130 esse
1078 2087 1314 2151 magna
1359 2066 1529 2129 mole
1578 2065 1752 2148 quod
1796 2066 2040 2148 petitur
2084 2065 2265 2128 scias

341 2154 668 2218 concurrit
712 2155 893 2218 illinc
938 2154 1226 2237 publica,
1271 2154 1426 2219 hinc
1468 2156 1640 2239 regis
1687 2155 1887 2218 salus:
2264 2168 2373 2216 830

340 2242 665 2323 utrimque
711 2243 915 2325 paria3
962 2243 1218 2306 contine
1264 2243 1507 2306 medias
1553 2264 1810 2326 manus,

340 2329 507 2393 nihil
552 2331 852 2413 lacessas,
899 2332 1038 2413 ipsa
1083 2353 1150 2394 se
1195 2330 1332 2393 fata
1378 2331 1716 2413 explicent.

343 2434 503 2481 OED.
551 2416 705 2482 Non
751 2419 1009 2502 expedit
1054 2423 1392 2484 concutere
1437 2419 1691 2483 felicem
1739 2423 2005 2483 statum:

340 2509 485 2570 tuto
533 2510 828 2570 movetur
875 2508 1181 2591 quicquid
1227 2513 1512 2572 extremo
1561 2508 1630 2571 in
1673 2509 1817 2572 loco
1865 2512 1977 2571 est.

342 2611 491 2658 SEN.
539 2593 841 2660 Nobilius
888 2597 1133 2681 aliquid
1180 2619 1410 2682 genere
1454 2597 1657 2681 regali
1705 2596 1996 2679 appetis?
2266 2609 2373 2658 835

341 2705 424 2747 ne
471 2687 536 2748 te
576 2681 864 2767 ‘parentis
910 2686 1130 2771 pigeat
1173 2687 1420 2750 inventi
1466 2686 1628 2750 vide.

344 2789 505 2836 OED.
553 2770 677 2837 Vel
723 2775 1089 2856 paenitendi
1137 2775 1468 2860 sanguinis
1517 2796 1816 2857 quaeram
1862 2772 2083 2856 fidem,

344 2862 399 2924 si
443 2883 632 2925 nosse
680 2867 923 2927 certum
971 2867 1083 2927 est.
1176 2884 1321 2926 ecce
1369 2863 1766 2948 grandaevus
1812 2883 2033 2943 senex,

342 2949 608 3013 arbitria
655 2949 773 3014 sub
822 2972 950 3033 quo
995 2952 1159 3036 regii
1204 2951 1461 3036 fuerant
1506 2951 1748 3036 gregiS,

342 3036 651 3102 Phorbas,
739 3040 1018 3104 refersne
1064 3062 1299 3104 nomen
1347 3044 1457 3104 aut
1503 3039 1751 3104 vultum
1803 3037 2015 3101 senis?
2268 3051 2377 3100 840

344 3143 492 3191 SEN.
540 3125 810 3192 Adridet
855 3130 1069 3193 animo
1116 3129 1350 3214 forma3
1397 3150 1515 3193 nec
1559 3131 1751 3192 notus
1800 3126 1981 3210 satis,

341 3236 463 3278 nec
506 3238 725 3279 rursus
771 3217 892 3281 iste
937 3219 1154 3282 vultus
1200 3219 1464 3302 ignotus
1509 3216 1685 3280 mihi.

490 3376 586 3423 819
624 3388 956 3440 cognoscere
993 3379 1036 3426 Ε
1078 3375 1097 3442 ΙΙ
1145 3379 1247 3426 828
1287 3376 1597 3443 sequuntur
1633 3379 1675 3426 E
1708 3373 1717 3443 Ι
1751 3371 1987 3426 acersite
2025 3377 2067 3424 E
2102 3372 2122 3438 ΙΙ
2159 3374 2262 3422 828
2301 3368 2374 3422 ti-

343 3444 496 3494 mere
531 3448 574 3494 Ε
602 3443 621 3510 ΙΙ
650 3447 754 3495 829
790 3444 1037 3511 petitur-o
1066 3450 1108 3497 E
1137 3447 1157 3512 ΙΙ
1185 3450 1282 3497 881
1316 3445 1504 3513 patria
1531 3450 1576 3496 A
1602 3446 1621 3512 ΙΙ
1650 3449 1756 3497 888
1791 3445 1856 3497 ut
1891 3441 2070 3497 nichil
2106 3456 2374 3505 arcessas,

343 3512 471 3579 ipsa
508 3514 565 3564 te
602 3513 640 3565 f.
681 3513 966 3581 explicant
1001 3519 1046 3565 A
1087 3518 1106 3584 ΙΙ
1152 3520 1255 3568 888
1293 3517 1412 3569 seni
1447 3516 1803 3570 continuatur
1838 3518 1884 3567 A
1923 3517 1943 3584 ΙΙ
1989 3518 2092 3566 884
2131 3531 2252 3567 om).
2283 3517 2328 3563 A
2354 3511 2376 3582 Η

345 3584 448 3632 887
489 3596 591 3633 nec
627 3598 787 3649 poen.
819 3589 864 3635 A
891 3587 909 3653 ΙΙ
938 3590 1040 3637 888
1080 3585 1179 3639 sed
1215 3589 1261 3638 A
1299 3585 1379 3638 sic
1415 3586 1530 3640 Leo
