2658 4117
889 253 1283 322 HERCVLEsd
1307 255 1687 328 [OETAEvs]
2179 258 2305 322 331

268 400 437 464 natis
484 399 783 483 Iovisque
828 400 941 463 fiet
989 422 1066 463 ex
1111 401 1355 464 famula
1401 402 1643 466 nurus?

266 511 424 553 num
474 489 733 552 flamma
778 507 1000 552 cursus
1046 490 1288 572 pariter
1335 493 1399 553 et
1443 493 1691 554 torrens
1738 491 1944 554 ferent
2196 506 2302 555 280

267 582 330 641 et
376 599 524 642 ursa
570 581 842 660 pontum
891 577 1058 641 sicca
1105 578 1470 642 caeruleum
1517 579 1740 643 bibet?

264 688 399 730 non
446 666 567 730 ibo,
602 666 833 730 inulta:
882 666 1152 750 gesseris
1201 667 1451 731 caelum
1497 667 1651 730 licet

265 758 571 838 totusque
618 775 840 837 pacem
888 754 1117 818 debeat
1161 755 1462 819 mundus·
1488 756 1660 837 tibi,

261 847 368 917 est
408 843 653 925 aliquid
698 841 902 927 hydra
948 843 1156 926 peius:
1205 844 1404 907 iratae
1452 843 1636 908 dolor

263 935 519 1015 nuptae.
612 932 754 1014 quis
802 931 973 1017 ignis
1018 935 1237 995 tantus
1285 933 1354 995 in
1401 932 1648 996 caelum
1694 933 1853 997 furit
2189 947 2292 996 285

259 1020 545 1084 ardentis
583 1019 873 1083 Aetnae?
919 1020 1228 1104 quicquid
1274 1025 1373 1084 est
1418 1021 1660 1085 victum
1708 1022 1831 1085 tibi

263 1108 371 1172 hic
417 1109 631 1172 vincet
676 1109 944 1174 animus.
1038 1112 1226 1192 capta
1271 1109 1618 1192 praeripiet
1663 1109 1883 1174 toros?

263 1197 473 1261 adhuc
518 1198 825 1262 timebam
873 1201 1188 1280 monstra,
1234 1198 1362 1262 iam
1408 1199 1661 1262 nullum
1709 1203 1806 1262 est
1852 1200 2121 1262 malum:

259 1306 507 1349 cessere
553 1289 795 1369 pestes,
842 1286 911 1349 in
954 1288 1171 1351 locum
1216 1288 1396 1351 venit
1440 1288 1611 1352 ferae

262 1374 473 1438 invisa
519 1375 761 1456 paelex.
855 1396 1103 1439 summe
1150 1398 1266 1458 pro
1312 1380 1525 1440 rector
1572 1376 1761 1439 deum
2193 1391 2296 1439 290

261 1467 326 1527 et
373 1464 544 1527 clare
582 1461 803 1543 Titan,
848 1462 1148 1527 Herculis
1193 1468 1448 1528 tantum
1494 1464 1591 1527 fui

259 1553 547 1617 coniunx
592 1552 906 1634 timentis3
953 1555 1105 1615 vota
1151 1574 1312 1634 quae
1362 1553 1607 1636 superis
1653 1551 1803 1633 tuli,

261 1661 506 1704 cessere
553 1643 803 1722 captae,
849 1640 1081 1722 paelici
1125 1639 1283 1704 felix
1328 1641 1451 1721 fui,

261 1729 360 1792 illi
407 1748 581 1791 meas
628 1728 922 1810 audistis,
971 1749 1009 1790 o
1058 1729 1301 1810 superi,
1348 1749 1595 1810 preces,

260 1816 605 1881 incolumis
650 1817 749 1879 illi
794 1819 1052 1880 remeat.
1145 1838 1182 1879 o
1230 1817 1410 1880 nulla
1455 1817 1639 1880 dolor
2183 1832 2287 1880 295

260 1908 565 1970 contente
610 1926 846 1987 poena,
894 1925 1127 1986 quaere
1174 1905 1494 1988 supplicia
1538 1905 1824 1986 horrida,

262 1993 643 2079 incogitata,
689 1994 976 2076 infanda,
1023 1991 1336 2058 Iunonem
1383 1993 1567 2077 doce,

259 2083 418 2166 quid
465 2083 612 2146 odia
657 2084 937 2147 valeant:
984 2083 1189 2147 nescit
1234 2083 1424 2147 irasci
1471 2084 1643 2148 satis.

261 2194 379 2254 pro
426 2193 529 2235 me
575 2172 841 2256 gerebas
888 2171 1082 2254 bella,
1131 2176 1396 2257 propter
1441 2194 1542 2236 me
1588 2193 1784 2256 vagas

258 2257 583 2324 Achelous
629 2260 833 2323 undas
880 2260 1190 2345 sanguine
1238 2261 1461 2325 infecit
1507 2282 1651 2343 suo,
2186 2276 2291 2325 300

260 2369 408 2412 cum
452 2350 629 2412 lenta
675 2370 934 2432 serpens
981 2350 1191 2430 fieret,
1236 2350 1304 2412 in
1349 2352 1605 2412 taurum
1652 2352 1898 2413 trucem

258 2458 431 2500 nunc
476 2437 763 2501 flecteret
809 2441 1100 2520 serpente
1148 2437 1438 2520 deposita
1483 2438 1717 2519 minas,

256 2529 325 2589 et
371 2526 549 2589 mille
594 2526 664 2589 in
708 2524 896 2589 hoste
942 2525 1227 2589 vinceres
1275 2548 1404 2589 uno
1450 2525 1635 2589 feras

258 2614 387 2678 iam
436 2614 874 2697 displicemus,
923 2618 1110 2697 capta
1154 2614 1439 2697 praelata
1486 2618 1583 2678 est
1627 2614 1805 2677 mihi.

256 2724 391 2766 non
435 2703 852 2785 praeferetur:
901 2704 1013 2786 qui
1059 2703 1192 2766 dies
1239 2702 1510 2765 thalami
1554 2703 1822 2766 ultimus
2184 2717 2304 2774 305⁴

257 2792 465 2856 nostri
512 2795 610 2855 est
652 2791 909 2854 futurus
919 2840 936 2873 ‚
982 2790 1090 2854 hic
1135 2791 1257 2854 erit
1301 2791 1471 2855 vitae
1516 2794 1681 2855 tuae.

257 2880 416 2963 quid
460 2878 627 2943 hoc?
672 2880 912 2944 recedit
959 2880 1210 2943 animus
1258 2883 1322 2942 et
1368 2879 1554 2962 ponit
1600 2880 1834 2962 minas3

256 2969 386 3032 iam
435 2972 640 3032 cessat
685 2968 797 3031 ira.
890 2967 1046 3050 quid
1091 2968 1285 3030 miser
1328 2968 1597 3052 langues
1645 2967 1869 3051 dolor?

256 3056 472 3141 perdis
515 3057 825 3138 furorem,
874 3056 1167 3141 coniugis
1212 3056 1444 3118 tacitae
1489 3054 1682 3118 fidem

400 3253 508 3301 280
543 3247 671 3301 Non
707 3248 760 3300 fl.
791 3252 891 3300 ΕΔ
926 3264 1062 3302 corr.
1102 3259 1157 3313 ψ
1192 3248 1199 3315 Ι
1232 3246 1377 3300 feret
1412 3250 1512 3298 ΕΔ
1548 3262 1684 3300 corr.
1719 3257 1774 3311 ψ
1829 3249 1848 3315 ΙΙ
1901 3251 2006 3299 288
2045 3246 2286 3299 mundus

255 3318 431 3373 michi
459 3324 502 3371 E
528 3320 549 3387 n
574 3323 680 3371 284
717 3319 771 3373 h.
801 3318 991 3387 potius
1019 3319 1126 3371 Ast)
1162 3321 1180 3388 ΙΙ
1207 3323 1313 3371 286
1350 3317 1632 3370 haethnae
1660 3322 1703 3369 E
1730 3318 1750 3385 ΙΙ
1776 3321 1883 3370 290
1920 3318 2203 3386 protector
2230 3334 2287 3372 ω

254 3407 392 3445 corr.
423 3390 657 3458 Lipsius
707 3392 727 3458 Η
780 3395 879 3442 291
915 3389 1171 3443 coniunx.
1229 3388 1504 3441 Timentis
1542 3389 1676 3443 Birt
1702 3404 1763 3455 p.
1794 3391 1904 3442 535
1939 3387 2206 3442 Hercules
2243 3391 2284 3443 t.

252 3461 369 3514 fuit
410 3461 477 3514 ci.
518 3461 855 3526 Koetschau,
899 3467 959 3515 at
1006 3460 1076 3526 cf.
1118 3460 1327 3514 Μάιον
1362 3477 1423 3528 p.
1464 3463 1535 3513 33
1597 3462 1616 3528 ΙΙ
1678 3464 1783 3512 295
1830 3457 2139 3513 incolumes
2184 3465 2227 3512 E
2268 3463 2288 3532 fl

256 3537 356 3586 801
393 3548 528 3598 qum
564 3537 606 3582 Ε
635 3534 653 3602 ΙΙ
681 3536 783 3586 808
822 3534 886 3585 ut
922 3530 1079 3585 mille
1112 3531 1311 3599 Peiper
1336 3532 1355 3599 ΙΙ
1383 3535 1485 3584 807
1524 3530 1735 3585 resedit
1768 3530 1835 3584 ci.
1877 3531 2235 3586 szstemann
2270 3535 2289 3600 u

254 3608 361 3655 808
402 3602 570 3657 cessit
598 3620 653 3657 ω
681 3619 816 3658 corr.
847 3604 1098 3657 Iov‘tmus
1126 3602 1290 3656 Misc.
1321 3602 1429 3655 obs.
1459 3602 1502 3655 I
1524 3605 1596 3655 72
1622 3604 1641 3671 Ι]
1669 3606 1774 3655 809
1813 3601 1954 3656 00111.
1986 3604 2213 3656 sanctae
2242 3605 2288 3653 A
