2658 4117
1195 255 1503 311 OEDIPVS
2236 258 2365 322 229

663 405 1048 485 superatque
1093 402 1310 485 pinus:

663 512 857 574 supra
902 488 1221 554 Chaonias
1266 490 1499 555 celsior
1543 490 1803 554 arbores
2238 499 2369 552 '728¹’

664 580 867 643 erexit
914 581 1275 643 caeruleum
1323 583 1542 662 caput,

663 689 807 734 cum
854 667 1099 732 maiore
1144 668 1246 731 sui
1292 671 1476 751 parte
1520 668 1944 753 recumberet3
2240 686 2341 735 730

661 761 775 821 aut
817 756 951 821 feta
995 757 1190 821 tellus
1236 757 1438 840 impio
1486 759 1677 839 partu

661 845 887 909 effudit
933 866 1134 909 arma:
1182 845 1401 909 sonuit
1443 845 1683 908 reflexo

663 934 1002 1000 classicum
1049 954 1248 997 cornu
1293 934 1625 1016 lituusque
1671 934 1920 999 adunco

662 1023 967 1086 stridulos
1015 1025 1239 1087 cantus
1287 1023 1460 1086 elisit
1506 1043 1675 1105 aere,

946 1134 979 1172 *
1302 1134 1335 1170 *

660 1204 808 1264 ante
851 1221 986 1263 non
1029 1199 1283 1284 linguas
1332 1200 1531 1284 agiles
1576 1204 1641 1263 et
1687 1221 1799 1263 ora
2239 1217 2339 1265 735

659 1289 835 1353 vocis
880 1289 1140 1374 ignotae
1186 1288 1463 1353 clamore
1509 1288 1790 1371 primum

659 1377 912 1441 hostico
960 1377 1233 1460 experti:

796 1464 1077 1551 Agmina
1122 1487 1383 1549 campos
1432 1470 1704 1549 cognata
1749 1469 1997 1550 tenent,

661 1555 981 1639 dignaque
1026 1554 1195 1619 iacto
1243 1555 1484 1618 semine
1530 1555 1772 1638 proles,

658 1664 789 1707 uno
838 1646 1112 1707 aetatem
1158 1664 1495 1726 permensa
1541 1643 1667 1726 die,
2236 1658 2337 1707 740

659 1736 810 1816 post
854 1731 1136 1796 Luciferi
1179 1734 1334 1796 nata
1378 1735 1626 1795 meatus

658 1825 806 1884 ante
852 1820 1200 1904 Hesperios
1247 1820 1484 1884 occidit
1530 1823 1726 1884 ortus,

660 1908 880 1973 horret
926 1910 1124 1972 tantis
1170 1909 1415 1973 advena
1459 1908 1762 1972 monstris

658 1996 1010 2082 populique
1056 1998 1245 2062 timet
1289 1996 1460 2062 bella
1505 1997 1805 2081 recentis,

659 2086 862 2151 donec
906 2087 1135 2151 cecidit
1181 2109 1370 2151 saeva
1416 2087 1714 2151 iuventus
2237 2103 2336 2150 745

659 2177 1077 2259 genetrixque
1124 2198 1240 2240 suo
1286 2175 1465 2239 reddi
1514 2175 1759 2260 gremio

657 2265 850 2328 modo
894 2264 1246 2346 productos
1291 2264 1455 2328 vidit
1501 2265 1811 2328 alumnos.

657 2352 779 2417 hac
824 2354 1150 2417 transierit
1195 2353 1384 2418 civile
1429 2354 1634 2416 nefas!

656 2440 769 2505 illa
818 2440 1168 2505 Herculeae
1212 2441 1433 2506 norint
1479 2441 1736 2506 Thebae

654 2531 902 2613 proelia
944 2531 1233 2594 fratrum.
2234 2545 2335 2594 750

791 2617 961 2694 Quid
1008 2616 1269 2683 Cadmei
1313 2619 1449 2683 fata
1493 2618 1775 2701 nepotis,

658 2727 804 2770 cum
852 2706 1093 2771 vivacis
1141 2729 1380 2772 cornua
1427 2708 1596 2772 cervi

654 2796 934 2859 frontem
982 2797 1178 2860 ramis
1223 2800 1438 2860 texere
1481 2796 1668 2860 novis

656 2883 1115 2967 dominumque
1162 2906 1349 2949 canes
1397 2906 1583 2969 cgere
1631 2883 1860 2948 suum?

477 3045 581 3092 ’128
620 3056 902 3109 supraque
940 3059 993 3109 p.
1033 3044 1079 3093 A
1106 3043 1124 3110 ΙΙ
1165 3047 1269 3094 728
1309 3042 1410 3095 del.
1450 3041 1564 3094 Leo
1601 3041 1644 3093 I
1672 3044 1807 3107 114,·
1845 3046 1905 3093 at
1935 3041 2004 3106 cf.
2037 3041 2121 3093 M.
2154 3040 2365 3095 Micller

326 3126 385 3178 p.
419 3113 490 3165 35
517 3112 536 3179 ΙΙ
564 3116 670 3164 732
683 3129 759 3176 sq.
788 3112 867 3165 sie
895 3112 1236 3166 distribuunt
1261 3117 1385 3166 EA:
1417 3111 1505 3165 eff.
1538 3127 1692 3164 arma
1717 3111 1723 3183 Ι
1748 3127 1861 3163 son.
1888 3128 1931 3164 r.
1954 3111 2019 3164 cl.
2052 3128 2222 3164 cornu
2245 3112 2252 3183 Ι
2276 3112 2358 3165 lit.

334 3180 422 3233 ad.
456 3183 523 3235 st.
556 3198 600 3234 c.
627 3181 637 3264 Ι
660 3183 727 3235 el.
761 3197 888 3236 aere
916 3201 970 3237 n.
1002 3199 1049 3237 a.
1081 3183 1116 3237 1.
1153 3185 1162 3252 Ι
1197 3184 1339 3251 ‘post
1365 3188 1469 3236 ⁷84
1506 3183 1711 3237 dictum
1747 3183 1988 3250 oportuit
2012 3188 2226 3249 spartos
2253 3199 2361 3251 pu-

330 3268 499 3321 ynam
526 3253 737 3307 inizsse'
761 3254 874 3308 Leo
902 3256 921 3322 ΙΙ
949 3259 1052 3307 735
1082 3271 1195 3307 non
1225 3256 1356 3307 ante
1380 3272 1436 3308 ω
1463 3269 1599 3308 corr.
1621 3254 1819 3320 Peiper
1852 3255 1859 3320 Ι
1891 3252 1927 3306 1.
1950 3252 2092 3306 alias
2121 3255 2179 3306 et
2206 3269 2365 3306 arma

333 3339 379 3376 v.
411 3322 446 3375 i.
478 3327 524 3376 A
569 3325 588 3393 ΙΙ
634 3329 739 3377 ’139
777 3324 1070 3393 Lignaque
1106 3331 1149 3377 Ε
1177 3328 1196 3394 ΙΙ
1233 3329 1339 3377 ⁷44
1375 3324 1623 3393 regentis
1660 3326 1757 3392 2·ss
1798 3328 1901 3376 ⁷4⁷
1939 3323 2242 3392 productos
2279 3327 2363 3393 (os

331 3409 398 3447 ex
431 3396 519 3463 us)
556 3395 629 3447 Ε1
668 3397 687 3464 11
727 3412 805 3449 υυ.
838 3400 1113 3448 751-763
1152 3398 1221 3450 ab
1257 3397 1361 3450 hac
1395 3395 1593 3462 fabula
1629 3395 1836 3449 alienos
1871 3412 1979 3450 esse
2015 3396 2358 3463 interponen-

329 3464 530 3533 dosque
566 3467 758 3533 potius
799 3473 927 3535 post
962 3467 1240 3521 Phoeniss.
1281 3470 1392 3521 318
1436 3467 1748 3534 suspicatus
1793 3472 1869 3519 est
1908 3467 2107 3534 Peiper
2149 3466 2358 3521 Observ.

323 3551 382 3603 p.
413 3539 513 3602 36,
550 3538 618 3592 ab
656 3537 1042 3605 interpolatore
1072 3538 1348 3605 profectos
1375 3543 1545 3607 putat
1579 3537 1907 3592 Habrucker
1933 3554 1992 3606 p.
2026 3541 2111 3591 54.
2186 3537 2360 3603 Refu-

330 3608 469 3663 tavit
504 3608 619 3662 Leo
655 3610 824 3662 1115
842 3625 916 3677 sq.
