2658 4117
339 264 421 327 62
988 265 1045 317 L.
1077 265 1359 318 ANNAEI
1396 263 1722 318 SENECAE

336 411 458 474 hac
506 411 726 474 dextra
772 408 1013 474 Achilli
1059 410 1388 475 victimam
1434 410 1692 473 reddam
1741 433 1938 477 suam.

339 508 529 582 quam
578 501 632 563 si
678 522 874 585 negas
918 501 1309 582 retinesque‚
1356 500 1662 562 maiorem
1709 500 1873 563 dabo

339 588 725 674 dignamque
775 610 967 671 quam
1016 589 1123 652 det
1165 587 1477 671 Pyrrhus3
1525 593 1588 651 et
1635 589 1908 651 nimium
1957 589 2067 653 diu

338 700 376 740 a
422 677 608 741 caede
655 682 874 741 nostra
918 679 1095 763 regia
1141 681 1347 742 cessat
1391 699 1617 740 manus

337 787 681 851 paremque
700 768 910 849 poscit
931 767 1242 830 Priamus,
1294 782 1506 829 AGAM.
1526 765 1719 830 Haud
1738 767 2032 849 equidem
2052 789 2219 853 nego
2255 785 2362 833 310

336 856 461 919 hoc
506 877 642 919 esse
689 855 922 938 Pyrrhi
967 857 1318 919 maximum
1367 856 1436 918 in
1481 856 1651 918 bello
1701 855 1920 939 decus,

338 966 525 1008 saevo
572 949 940 1028 peremptus
988 967 1136 1008 ense
1188 944 1362 1027 quod
1408 943 1698 1007 Priamus
1746 945 1934 1026 iacet,

339 1034 609 1117 supplex
655 1037 973 1117 paternus.
1065 1051 1313 1096 PYRRH.
1365 1032 1701 1116 Supplices
1746 1035 1953 1097 nostri
1997 1035 2197 1117 patris

336 1123 681 1205 hostesque
728 1124 981 1186 eosdem
1028 1123 1340 1186 novimus
1432 1122 1725 1186 Priamus
1769 1127 1987 1186 tamen

335 1234 635 1294 praesens
680 1213 958 1297 rogavit3
1002 1216 1075 1275 tu
1123 1213 1301 1296 gravi
1349 1211 1619 1294 pavidus
1667 1216 1868 1296 metu,
2255 1228 2359 1276 315

337 1321 453 1364 nec
500 1302 578 1364 ad
623 1302 980 1385 rogandum
1025 1301 1238 1383 fortiS‚
1282 1298 1469 1363 Aiaci
1515 1315 1733 1383 preces

336 1387 686 1472 Ithacoque
733 1392 995 1454 mandas
1043 1392 1295 1453 clausus
1344 1394 1535 1472 atque
1579 1390 1831 1453 hostem
1879 1394 2173 1454 tremens.

338 1494 547 1541 AGAM.
595 1477 684 1542 At
729 1501 860 1542 non
904 1479 1174 1542 timebat
1217 1483 1373 1542 tunc
1418 1483 1597 1561 tuus,
1640 1479 1872 1561 fateor,
1918 1501 2174 1562 parens,

338 1569 629 1650 interque
676 1568 897 1631 caedes
944 1567 1245 1631 Graeciae
1293 1572 1485 1650 atque
1529 1572 1707 1631 ustas
1752 1572 1920 1631 rates

339 1658 552 1741 segnis
599 1657 847 1721 iacebat
891 1657 1045 1721 belli
1093 1661 1156 1720 et
1202 1679 1525 1720 armorum
1579 1658 1931 1739 immemor,
2254 1673 2360 1720 320

336 1747 464 1809 levi
511 1767 808 1810 canoram
855 1747 1194 1810 verberans
1240 1747 1486 1829 plectro
1534 1746 1780 1830 chelyn.

338 1853 586 1898 PYRRH.
633 1835 816 1899 Tunc
859 1857 1131 1921 magnus
1176 1833 1446 1918 Hector,
1493 1858 1669 1898 arma
1715 1838 2126 1898 contemnens
2174 1839 2314 1916 tua,

339 1929 562 1987 cantus
609 1923 883 1989 Achillis
929 1926 1173 2007 timuit,
1220 1928 1284 1988 et
1327 1928 1508 1987 tanto
1556 1925 1624 1987 in
1670 1928 1844 1987 metu

337 2014 672 2078 navalibus
719 2036 843 2097 pax
891 2016 1020 2078 alta
1066 2014 1448 2078 Thessalicis
1492 2014 1633 2077 fuit.

341 2119 547 2166 AGAM.
594 2101 844 2187 Nempe
891 2105 1092 2168 isdem
1139 2105 1207 2167 in
1252 2104 1393 2167 istis
1440 2103 1762 2166 Thessalis
1808 2103 2143 2166 navalibus
2254 2118 2359 2166 325

339 2214 465 2274 pax
511 2193 642 2255 alta
684 2215 905 2256 rursus
951 2191 1248 2256 Hectoris
1296 2193 1465 2275 patri
1509 2192 1651 2255 fuit.

339 2298 587 2343 PYRRH.
635 2281 755 2344 Est
799 2282 969 2366 regis
1017 2282 1131 2345 alti
1178 2282 1476 2365 spiritum
1524 2282 1680 2366 regi
1709 2280 1872 2344 dare.

339 2386 546 2433 AGAM.
597 2368 724 2432 Cur
770 2370 992 2434 dextra
1034 2371 1174 2456 regi
1220 2372 1518 2453 spiritum
1567 2371 1804 2453 eripuit
1847 2369 2001 2432 tua?

338 2476 588 2523 PYRRH.
633 2458 909 2523 Mortem
955 2461 1315 2523 misericors
1364 2482 1550 2541 saepe
1596 2481 1715 2542 pro
1762 2460 1896 2522 vita
1942 2458 2133 2521 dabit.

338 2564 550 2611 AGAM.
596 2547 685 2611 Et
727 2569 899 2612 nunc
945 2550 1305 2613 misericors
1351 2550 1667 2633 virginem
1715 2547 1904 2611 busto
1951 2547 2162 2630 petis?
2255 2562 2362 2610 330

338 2654 586 2700 PYRRH.
633 2635 852 2701 Iamne
900 2639 1219 2702 immolari
1266 2639 1547 2723 virgines
1594 2636 1796 2700 credis
1843 2636 2064 2699 nefas}>

339 2742 547 2789 AGAM.
595 2726 920 2791 Praeferre
966 2728 1240 2810 patriam
1285 2728 1506 2790 liberis
1551 2748 1768 2812 regem
1817 2725 2011 2789 decet.

339 2833 587 2879 PYRRH.
634 2816 770 2880 Lex
815 2817 995 2880 nulla
1039 2821 1227 2900 capto
1274 2817 1482 2899 parcit
1528 2819 1639 2879 aut
1683 2837 1957 2898 poenam
2005 2814 2292 2897 impedit.

339 2922 549 2968 AGAM.
599 2904 784 2981 Quod
830 2928 961 2969 non
1005 2909 1180 2969 vetat
1224 2907 1357 2988 lex,
1401 2905 1525 2968 hoc
1570 2908 1744 2968 vetat
1788 2904 1928 2967 fieri
1975 2902 2197 2986 pudor.

339 3012 587 3057 PYRRH.
636 2994 1096 3078 Quodcumque
1143 2994 1338 3058 libuit
1381 2995 1589 3057 facere
1637 2994 1867 3056 victori
1911 2993 2080 3055 licet.
2253 3007 2359 3055 335

339 3100 550 3146 AGAM.
596 3084 938 3148 Minimum
987 3084 1167 3147 decet
1210 3084 1410 3147 libere
1457 3083 1561 3146 cui
1608 3083 1885 3145 multum
1932 3082 2099 3144 licet.

339 3190 587 3236 PYRRH.
636 3172 757 3236 His
803 3175 928 3237 ista
973 3174 1196 3256 iactas,
1244 3194 1406 3255 quos
1455 3172 1672 3235 decem
1719 3193 2033 3234 annorum
2081 3170 2261 3255 gravi

340 3284 538 3347 regno
587 3262 885 3326 subactos
930 3262 1215 3346 Pyrrhus
1262 3262 1538 3325 exsolvit
1584 3261 1781 3345 iugo?
2139 3258 2364 3342 [caret.

339 3366 550 3413 AGAM.
580 3350 719 3414 Hos
740 3348 974 3435 Scyrus
1004 3352 1295 3415 animos?
1341 3368 1591 3414 PYRRH.
1619 3348 1868 3413 Scelere
1898 3371 2060 3432 quae
2087 3348 2363 3412 fratrum

484 3495 587 3543 306
617 3490 973 3543 dextr-achilli
999 3497 1041 3543 Ε
1069 3493 1088 3560 ΙΙ
1116 3496 1212 3544 319
1239 3493 1434 3544 uastas
1453 3496 1525 3542 Δτ
1561 3493 1580 3559 ΙΙ
1607 3495 1705 3543 331
1733 3489 1950 3557 caelym
1970 3495 2011 3541 Ε
2047 3487 2253 3541 chelim
2271 3492 2316 3538 A
2345 3487 2364 3558 Η

342 3560 807 3700 ἒξὶδιγξξὲεἷώίῡίε
844 3573 900 3627 ψ
946 3565 964 3631 ΙΙ
1023 3567 1127 3615 330
1174 3565 1235 3616 at
1278 3580 1331 3615 n.
1372 3581 1443 3615 m.
1483 3561 1731 3639 uirgines
1777 3566 1821 3613 A
1876 3563 1894 3629 ΙΙ
1950 3566 2054 3613 339
2101 3559 2269 3627 Syrus
2316 3564 2362 3610 Ε
