2658 4117
1089 268 1426 322 TROADES
1820 276 1823 283 ’
2182 265 2268 329 69

245 418 392 480 sinu
438 414 761 499 profundo
810 415 1010 479 conde
1057 414 1421 498 depositum
1467 435 1698 476 meum.

246 506 428 569 adest
470 503 726 586 Vlixes,
771 508 836 567 et
882 503 1138 586 quidem
1184 503 1381 566 dubio
1430 503 1629 587 gradu

245 595 590 676 vultuque:
636 593 838 656 nectit
881 595 1139 676 pectore
1185 595 1362 655 astus
1390 590 1659 656 callido,

757 803 1022 868 VLIXE
1036 803 1080 868 S
1153 800 1773 867 ANDROMAOHA

384 929 603 993 Durae
648 929 940 993 minister
985 929 1174 992 sortis
1220 924 1348 993 hoc
1391 929 1670 1012 primum
1716 932 1894 1011 pete,

248 1023 353 1102 ut,
400 1041 509 1082 ore
556 1018 849 1100 quamvis
895 1018 1089 1081 verba
1134 1017 1429 1082 dicantur
1473 1039 1645 1099 11180,
2170 1031 2272 1080 525

254 1129 389 1171 non
433 1129 572 1170 esse
621 1106 838 1171 credas
881 1111 1130 1170 nostra:
1180 1104 1515 1170 Graiorum
1561 1106 1851 1170 omnium

256 1217 723 1279 procerumque
768 1217 895 1259 vox
941 1199 1062 1278 est,
1107 1199 1323 1277 petere
1372 1216 1532 1278 quos
1579 1217 1749 1259 seras
1792 1194 2019 1258 ¹domos

253 1283 577 1350 Hectorea
622 1284 880 1348 suboles
926 1284 1249 1367 prohibet:
1296 1284 1466 1348 hanc
1512 1285 1646 1347 fata
1690 1287 2018 1366 expetunt.

256 1374 538 1438 sollicita
581 1372 840 1436 Danaos
885 1373 1063 1455 pacis
1111 1374 1389 1438 incertae
1434 1372 1591 1437 fides
2255 1426 2259 1431 .

258 1485 511 1546 semper
552 1462 826 1544 tenebit,
873 1483 1121 1544 semper
1166 1484 1204 1524 a
1247 1465 1430 1547 tergo
1477 1462 1671 1525 timor
1810 1526 1813 1541 ⁴
2162 1475 2275 1524 1530

255 1552 572 1634 respicere
622 1554 812 1635 coget
854 1572 1031 1614 arma
1073 1571 1192 1614 nec
1235 1552 1393 1633 poni
1438 1551 1632 1633 sinet,

264 1640 416 1704 dum
460 1638 829 1724 Phrygibus
875 1640 1122 1703 animos
1167 1643 1357 1702 natus
1403 1640 1637 1703 eversis
1686 1638 1889 1721 dabit,

261 1728 742 1811 Andromacha,
786 1729 1060 1791 †vester.
1151 1750 1356 1813 augur
1400 1728 1577 1793 haec.
1605 1725 1875 1792 Calchas
1924 1726 2121 1810 canjt3

264 1822 352 1901 et,
399 1817 455 1881 si
498 1821 741 1882 taceret
783 1838 989 1902 augur
1033 1816 1191 1882 haec
1238 1815 1537 1899 Calchas,
1581 1821 1799 1880 tamen

264 1906 515 1970 dicebat
557 1904 826 1987 Hector,
874 1906 1061 1970 cuius
1101 1910 1166 1969 et
1210 1906 1473 1988 stirpem
1519 1905 1762 1969 1101180.
2176 1918 2278 1967 535

267 2017 572 2082 generosa
615 1995 687 2057 in
731 1997 907 2057 ortus
956 1995 1197 2058 semina
1243 1998 1594 2081 exsurgunt
1638 2016 1815 2058 suos:

269 2085 361 2150 sic
405 2085 515 2148 ille
561 2084 781 2168 magni
826 2105 1060 2166 parvus
1105 2085 1377 2147 armenti
1424 2105 1635 2148 comes

264 2174 616 2256 primisque
658 2172 947 2236 nondum
994 2173 1292 2237 cornibus
1338 2174 1584 2237 findens
1632 2177 1841 2238 cutem

267 2262 511 2327 cervice
558 2261 772 2325 subito
821 2262 1025 2325 celsus
1071 2265 1136 2324 et
1179 2263 1390 2325 fronte
1436 2262 1669 2326 arduus

267 2372 528 2436 gregem
573 2354 912 2433 paternum
958 2351 1135 2414 ducit
1178 2371 1253 2413 ac
1297 2352 1513 2433 pecori
1558 2351 1855 2434 imperat3
2169 2358 2279 2413 540

268 2461 431 2523 quae
476 2443 694 2502 tenera
739 2459 922 2503 caeso
967 2440 1149 2524 virga
1193 2440 1269 2503 de
1314 2443 1540 2503 trunco
1588 2440 1792 2522 stetit,

266 2550 384 2611 par
428 2528 571 2610 ipsa
614 2527 802 2591 matri
848 2531 1134 2611 tempore
1181 2529 1413 2614 exiguo
1461 2529 1635 2593 subit
1684 2590 1688 2594 .

267 2616 654 2699 umbrasque
697 2616 884 2680 terris
926 2616 1137 2680 reddit
1181 2621 1245 2680 et
1289 2619 1464 2680 caelo
1509 2639 1761 2701 nemus3

269 2707 362 2770 sic
408 2706 575 2769 male
619 2705 878 2769 relictus
924 2705 1073 2791 igne
1119 2705 1195 2768 de
1240 2726 1474 2792 magno
1523 2707 1682 2770 cinis

268 2795 438 2858 vires
480 2795 763 2858 resumit.
821 2798 952 2859 ,est
997 2793 1252 2877 quidem
1299 2796 1574 2859 iniustus
1622 2795 1804 2858 dolor
2169 2807 2278 2855 :545

267 2905 482 2946 rerum
528 2884 921 2947 aestimator:
968 2883 1024 2946 si
1067 2887 1283 2946 tamen
1326 2888 1539 2948 tecum
1586 2884 1832 2969 exigas,

271 2972 524 3035 veniam
571 2972 778 3053 dabis,
825 2970 996 3054 quod
1043 2972 1212 3036 bella
1254 2976 1404 3055 post
1446 2972 1688 3036 hiemes
1734 2973 1953 3036 decem

269 3060 667 3142 totidemque
713 3082 949 3123 messes
997 3060 1124 3124 iam
1171 3083 1364 3125 senex
1408 3062 1591 3125 miles
1637 3061 1823 3125 timet

273 3149 558 3231 aliasque
605 3148 814 3212 clades
860 3171 1078 3213 rursus
1124 3172 1200 3214 ac
1243 3172 1593 3233 numquam
1640 3150 1799 3213 bene

418 3345 521 3394 588
551 3340 785 3395 callidos
813 3358 869 3395 ω
905 3357 1040 3396 corr.
1071 3343 1145 3396 N.
1178 3341 1446 3396 Heinsius
1466 3359 1523 3410 p.
1554 3345 1662 3396 153
1688 3343 1706 3411 ΙΙ
1735 3345 1840 3394 524
1871 3341 2032 3395 inser.
2061 3355 2287 3394 scaenae

272 3429 370 3466 om.
402 3416 449 3465 Δ
492 3431 576 3466 π.
607 3413 788 3481 praef.
818 3415 974 3482 Εψῃ
1002 3417 1103 3465 533
1140 3413 1546 3467 Andromacha.
1586 3431 1706 3466 mn.
1737 3411 1936 3466 Vester
1971 3416 2034 3478 Δ,
2070 3410 2286 3464 Andro-

272 3483 476 3537 11188118
519 3483 675 3537 vivus
721 3486 786 3538 ci.
826 3484 1047 3539 Richter
1078 3491 1087 3553 ι
1115 3484 1224 3538 hoc
1260 3489 1305 3536 Δ
1349 3487 1357 3553 Ι
1399 3499 1593 3538 888888
1629 3490 1672 3537 Ε
1708 3485 1728 3553 ΙΙ
1766 3488 1869 3536 534
1903 3501 1987 3537 v1..
2026 3485 2086 3536 et
2122 3482 2170 3535 si
2204 3486 2289 3535 A*

276 3558 409 3621 (exc.
448 3559 494 3606 B
529 3558 625 3623 10)
654 3557 674 3624 ΙΙ
711 3559 815 3608 536
851 3554 1044 3609 hortus
1080 3561 1123 3608 E
1147 3558 1170 3626 ΙΙ
1198 3560 1301 3609 546
1332 3558 1525 3609 tecum
1567 3554 1816 3610 excutias
1852 3556 1942 3623 13ss
1970 3558 2072 3607 547
2111 3569 2287 3607 8111108

279 3625 466 3679 decem
502 3630 549 3679 Δ
576 3629 595 3695 ΙΙ
623 3630 726 3678 548
763 3641 980 3679 menses
1017 3631 1062 3678 Δ
