2658 4117
906 288 950 339 H
960 288 1195 341 ERCVL
1204 289 1283 339 Es
1323 289 1595 359 [FVREN
1599 289 1658 359 S]

525 456 721 516 quam
772 454 918 496 oum
967 435 1138 496 clara
1186 434 1338 496 deos
1386 434 1692 497 obtulerit
1739 436 1873 498 dies
1926 483 1928 485 .

525 521 956 604 Spartamque
1003 522 1206 585 aderit
1254 523 1446 585 ianua
1492 522 1803 586 Taenari?

523 613 666 675 odit
712 633 899 674 verus
948 634 1128 673 amor
1173 631 1290 673 neo
1337 612 1581 692 patitur
1627 635 1864 675 moras:

524 722 763 763 munus
811 701 962 762 dnm
1010 705 1311 782 properat
1360 722 1639 781 eernere,
1687 702 1978 783 perdidit.

662 788 836 863 Quae
883 790 1055 851 vinei
1102 790 1315 870 potuit
1362 790 1538 873 regia
1586 792 1891 871 carmine,

522 878 686 940 haee
733 878 905 940 vinci
953 878 1191 959 poterit
1237 879 1415 959 regia
1461 879 1721 941 viribus,

1044 1043 1510 1109 HERC-VLES

383 1159 439 1223 Ο
489 1162 657 1224 lucis
705 1162 910 1224 almae
957 1166 1167 1224 rector
1212 1166 1276 1224 et
1323 1161 1485 1224 caeli
1531 1162 1721 1226 decus
1731 1214 1747 1245 ‚

247 1251 362 1332 qui
411 1251 661 1313 alterna
710 1273 897 1314 curru
947 1251 1155 1332 spatia
1202 1250 1583 1313 flammifero
1633 1253 1919 1315 ambiens

248 1340 524 1402 inlustre
571 1339 723 1401 latis
771 1340 975 1401 exeris
1022 1339 1209 1401 terris
1250 1344 1471 1420 eaput,

248 1429 356 1509 da,
404 1427 697 1508 Phoebe,
744 1429 1024 1509 veniam,
1073 1429 1127 1490 si
1176 1428 1331 1509 quid
1379 1428 1698 1491 inlicitum
1747 1431 1843 1492 tui

250 1517 467 1579 videre
515 1518 761 1579 vultus:
810 1518 1021 1580 iussus
1067 1517 1136 1579 in
1182 1517 1393 1579 lucem
1440 1518 1642 1580 extuli

249 1627 484 1669 areana
532 1606 772 1668 mundi.
864 1610 1092 1687 tuque,
1139 1606 1486 1668 caelestum
1534 1605 1773 1669 arbiter

250 1716 638 1776 parensque,
686 1695 861 1757 visus
908 1695 1179 1757 fulmine
1229 1695 1528 1776 opposito
1576 1698 1747 1779 tege3

251 1788 318 1846 et
363 1787 464 1863 tu,
511 1783 789 1846 seeundo
838 1784 1039 1846 maria
1087 1784 1199 1864 qui
1247 1788 1499 1864 seeptro
1546 1784 1716 1866 regis
1728 1834 1744 1864 ,

254 1873 416 1935 imas
464 1877 609 1953 pete
656 1873 876 1935 undas
970 1873 1263 1954 quisquis
1311 1895 1391 1934 ex
1438 1874 1569 1934 alto
1618 1874 1849 1954 aspicit

250 1965 529 2042 terrena,
573 1961 738 2024 facie
784 1962 990 2043 pollui
1036 1965 1326 2023 metuens
1375 1983 1568 2041 nova,

250 2051 454 2113 aciem
501 2051 788 2114 reflectat
836 2073 1072 2133 oraque
1119 2050 1189 2113 in
1235 2050 1483 2114 caelum
1533 2050 1737 2133 erigat

250 2143 550 2221 portenta
595 2141 877 2224 fugiens:
923 2139 1049 2202 hoe
1095 2141 1273 2202 nefas
1321 2144 1584 2203 cernant
1631 2140 1756 2202 duo
1768 2191 1786 2221 ,

251 2229 364 2310 qui
411 2230 669 2292 advexit
716 2233 779 2291 et
826 2251 987 2312 quae
1035 2229 1237 2291 iussit.
1332 2230 1400 2291 in
1445 2251 1683 2310 poenas
1731 2252 1904 2292 meas

251 2322 444 2398 atque
494 2319 561 2379 in
606 2318 858 2380 labores
905 2338 1037 2381 non
1084 2319 1239 2381 satis
1290 2322 1496 2380 terrae
1542 2321 1765 2399 patent

252 2404 519 2469 Iunonis
567 2407 743 2469 odio:
792 2407 923 2469 vidi
970 2407 1293 2470 inaccessa
1342 2407 1669 2487 omnibus,

250 2495 475 2576 ignota
521 2493 785 2558 Phoebo
836 2516 1122 2577 quaeque
1172 2496 1448 2558 deterior
1493 2496 1682 2577 polus

250 2584 523 2646 obscura
570 2584 708 2646 diro
758 2585 966 2666 spatia
1013 2585 1327 2647 concessit
1373 2582 1541 2666 Iovi3

248 2677 340 2752 et,
387 2673 442 2734 si
489 2674 817 2754 placerent
861 2674 1086 2735 tertiae
1135 2674 1325 2735 sortis
1374 2674 1542 2753 loca,

248 2782 515 2844 regnare
559 2762 770 2844 potui:
820 2763 1028 2825 noetis
1077 2765 1370 2824 aeternae
1418 2762 1610 2824 chaos

245 2855 312 2912 et
359 2854 548 2913 nocte
595 2849 899 2931 quiddam
948 2851 1205 2933 gravius
1254 2854 1317 2912 et
1363 2851 1580 2913 tristes
1629 2851 1779 2912 deos

245 2940 310 3000 et
356 2938 491 3001 fata
536 2939 695 3019 vidi,
743 2943 948 3001 morte
996 2942 1365 3020 contempta
1412 2939 1562 3000 redi.

245 3026 402 3108 quid
448 3030 649 3089 restat
697 3027 914 3089 aliud?
962 3028 1093 3089 vidi
1141 3031 1203 3089 et
1250 3026 1502 3090 ostendi
1549 3027 1802 3090 inferos.

244 3116 326 3177 da
372 3116 427 3178 si
476 3115 632 3197 quid
677 3117 849 3177 ultra
896 3120 1018 3194 est,
1065 3116 1191 3178 iam
1240 3115 1351 3177 diu
1398 3116 1634 3197 pateris
1683 3138 1908 3179 manus

243 3225 491 3266 cessare
538 3209 818 3287 nostras,
865 3202 1056 3284 Iuno3
1105 3226 1267 3286 quae
1314 3205 1486 3266 vinei
1533 3205 1757 3268 iubes?

378 3290 507 3356 Sed
554 3294 795 3375 templa
842 3314 1037 3374 quare
1084 3293 1268 3355 miles
1318 3293 1589 3356 infestus
1636 3297 1811 3356 tenet

240 3381 570 3464 limenque
617 3403 869 3445 sacrum
915 3386 1120 3444 terror
1165 3404 1488 3445 armorum
1538 3382 1831 3445 obsidet?

2208 294 2295 356 23

2188 808 2291 856 590

2185 1447 2287 1495 595

2183 1891 2285 1939 600

2178 2337 2281 2384 605

2176 2779 2278 2827 010

2171 3222 2273 3270 615

387 3507 492 3554 590
531 3502 791 3556 cantibus
821 3507 866 3553 A
894 3505 912 3570 ΙΙ
942 3507 1047 3554 594
1084 3502 1249 3555 laetis
1287 3507 1333 3553 A
1361 3507 1379 3570 ῃ
1408 3508 1509 3555 597
1551 3503 1796 3557 archana
1833 3509 1875 3555 E
1924 3508 2138 3558 secreta
2176 3510 2221 3556 A
2263 3509 2268 3576 1

242 3574 575 3627 caelestium
606 3580 712 3640 Εψ
740 3576 758 3642 ΙΙ
788 3579 892 3626 607
933 3589 1155 3641 quaque
1184 3580 1226 3625 E
1254 3578 1273 3642 11
1302 3580 1398 3626 612
1438 3574 1546 3626 vici
1576 3592 1629 3628 ω
1669 3592 1803 3629 corr.
1835 3575 1947 3630 Leo
1973 3578 1992 3644 ΙΙ
2022 3581 2117 3628 614
2154 3578 2272 3629 tam

242 3645 342 3697 «liu
380 3650 425 3696 A
452 3649 469 3712 ιι
499 3650 594 3698 615
634 3645 769 3711 quid
808 3649 855 3695 A
