2658 4117
779 280 1009 334 INDEX
1045 279 1662 338 ORTHOGRAPHIUV
1665 283 1715 337 S.
2152 284 2284 348 493

281 424 518 478 rationet
565 423 719 476 levus
755 425 867 491 fere
901 430 1210 480 constanter
1243 423 1391 479 velut
1425 424 1470 478 Τ
1509 429 1611 478 910
1667 425 1711 478 Ρ
1752 430 1832 478 17.
1872 432 1957 480 49.
1999 430 2117 480 396.
2161 431 2277 479 708.

286 499 422 548 1260
472 494 532 547 Μ
570 500 673 549 680
744 511 929 564 paena
964 495 1169 549 Phoen.
1211 501 1313 549 264
1365 495 1425 548 Μ
1460 502 1580 550 462.
1619 502 1739 550 492.
1781 502 1883 551 616
1920 499 1989 565 cf.
2027 498 2283 566 paenitet

281 565 478 619 faenus
506 566 551 619 P
578 571 683 619 455
713 566 802 636 [cf.
833 566 1060 620 faenore
1088 584 1176 635 ap.
1199 567 1423 622 Ritschl.
1447 584 1537 636 pr.
1569 569 1661 622 lat.
1691 584 1832 622 mon.
1863 585 1963 637 ep.‚
1990 570 2053 622 cl.
2084 568 2277 621 XXIII.

279 641 478 761 {503184
528 637 894 777 8225525320
909 637 1379 778 ἷαέῗῗῗοθέἔῇ
1417 638 2281 779 2⁰10<333¹²53t53¹3322313zffi

282 782 371 847 (=
408 778 641 850 laetum)
678 779 775 832 ΗΠ
815 785 950 833 1675
1004 779 1510 849 phoethontiadum
1563 797 1778 849 poenae
1822 783 1909 851 (=
1945 785 2145 851 paene)
2184 782 2281 834 ΗΠ

284 855 419 903 1163
475 850 672 904 foedus
708 851 950 919 poedore
988 853 1054 921 (v.
1092 855 1234 921 sup.)
1271 851 1527 905 Phoedra
1600 866 1631 907 6
1667 884 1737 892 --
1775 866 1840 908 06
1874 852 2091 921 phebus
2129 853 2282 921 cepit

283 921 436 974 cetus
491 921 711 976 echalia
764 954 834 962 -
888 921 1127 991 ephoebi
1179 923 1392 976 loetum
1441 922 1663 977 loetalis
1711 923 1986 977 loetificus
2024 925 2121 994 (sic
2155 941 2279 979 con-

279 998 501 1059 stanter,
536 994 651 1047 nisi
687 994 831 1062 quod
866 993 1039 1065 letum
1078 1000 1227 1049 eoetat
1261 993 1360 1047 ΗΠ
1390 999 1490 1048 976
1543 994 1798 1048 laetifero
1826 994 1923 1047 ΗΠ
1951 997 2075 1064 208)
2142 1009 2172 1051 o
2209 1026 2280 1034 ——

280 1077 354 1118 au
398 1066 635 1132 occupet
670 1081 779 1133 pro
827 1066 1070 1133 aucupet
1114 1064 1212 1117 ΗΠ
1247 1070 1352 1119 482
1426 1081 1464 1122 ιι
1500 1097 1570 1106 -
1605 1080 1680 1121 au
1726 1065 1988 1119 cludendi
2032 1071 2084 1121 et
2128 1065 2279 1119 clau-

281 1133 451 1187 dendi
494 1136 691 1203 formis
733 1136 851 1189 sine
895 1136 1210 1190 discrimine
1253 1153 1388 1191 usus
1422 1144 1499 1191 est
1535 1138 1799 1191 librarius
1871 1151 1936 1193 oe
1972 1168 2043 1177 —
2081 1151 2111 1193 o
2148 1136 2280 1189 Dei·

277 1205 496 1274 phoebe
533 1206 583 1259 A
622 1210 722 1260 749
796 1222 874 1262 uu
910 1238 980 1247 —
1015 1221 1086 1263 uo
1141 1208 1205 1261 in
1248 1209 1476 1278 syllabis
1513 1209 1818 1277 primitivis
1855 1224 1887 1261 o
1916 1214 2045 1277 post
2078 1225 2116 1260 u
2154 1224 2280 1263 con-

279 1293 471 1331 sonam
506 1293 619 1332 non
653 1284 924 1332 servatum
959 1285 1036 1332 est
1069 1280 1183 1333 nisi
1216 1280 1280 1332 in
1314 1278 1426 1344 ΗΠ,
1463 1280 1563 1333 ubi
1592 1280 1653 1333 id
1678 1280 1890 1349 yeneris
1916 1280 2280 1348 eoeemplorwm

280 1364 515 1418 maynus
550 1354 781 1417 apparet
815 1366 1087 1403 numerus.
1154 1350 1367 1403 Ibidem
1389 1357 1516 1418 post
1544 1368 1620 1418 qu
1645 1357 1923 1433 servatum
1944 1367 1976 1405 ο
2003 1352 2067 1404 in
2094 1366 2277 1418 quom.

279 1419 1373 1544 3153331333518521823315323?⁹133&
1401 1423 2278 1546 {ttssfftssifflfflffissss'zffl

282 1561 395 1628 (sed
421 1577 460 1613 u
495 1579 564 1614 m.
593 1563 714 1629 sec.)
756 1566 891 1614 1726
946 1560 1101 1614 voltu
1141 1567 1292 1616 1489.
1326 1567 1462 1617 1608
1519 1562 1765 1616 avolsam
1803 1568 1904 1615 522
1942 1594 2014 1603 --
2048 1565 2278 1631 scriptu-

280 1647 376 1684 rae
428 1646 595 1698 quom
645 1638 790 1686 certa
840 1639 1110 1701 apparent
1152 1634 1403 1703 vestiyia:
1452 1633 1548 1685 ΗΠ
1588 1638 1691 1687 610
1737 1637 1927 1702 (quom
1962 1632 2007 1685 E
2047 1650 2173 1687 cum
2210 1633 2280 1702 A)

284 1706 385 1753 607
425 1703 571 1771 (cum
608 1701 658 1754 A
695 1718 860 1769 quem
895 1702 940 1755 E
979 1705 1015 1756 i.
1055 1721 1095 1758 e.
1136 1707 1323 1773 quom)
1367 1709 1501 1757 1163
1541 1707 1688 1773 (cum
1724 1705 1774 1756 A
1812 1721 1921 1772 quo
1957 1703 2002 1756 E
2041 1704 2092 1757 R
2126 1706 2277 1758 resti-

282 1773 544 1826 tuendum
580 1780 697 1827 erat
734 1790 916 1840 quom.
983 1776 1127 1843 quod
1162 1777 1326 1829 etiam
1364 1780 1483 1829 587.
1516 1780 1618 1829 596
1657 1776 1755 1829 ubi
1790 1793 1962 1843 quum
1989 1775 2035 1828 E
2075 1791 2201 1828 cum
2228 1776 2278 1827 A

281 1850 332 1897 et
369 1849 469 1896 612
506 1844 604 1897 ubi
631 1861 757 1896 cum
785 1866 827 1898 ω
855 1846 1195 1899 scribendum
1221 1846 1470 1916 videtur).
1528 1848 1848 1915 plerumque
1883 1853 2064 1901 tamen
2098 1848 2280 1913 forma

283 1931 409 1966 cum
444 1914 737 1971 invenitur.
815 1930 845 1972 o
883 1947 954 1955 —
989 1932 1028 1972 u
1064 1916 1285 1970 suboles
1324 1917 1405 1971 ΤΒ
1441 1923 1561 1971 463.
1602 1923 1705 1971 528
1751 1917 1796 1970 Ρ
1832 1923 1937 1971 468
1974 1920 2033 1989 (a
2059 1934 2148 1986 pr.
2188 1920 2279 1985 m.)

280 1984 570 2038 incolomis
606 1987 656 2038 A
693 1991 798 2040 400
854 1986 1003 2040 orbis
1040 1986 1137 2039 ΗΠ
1179 1993 1313 2041 1827
1372 1988 1588 2041 attullit
1623 1987 1722 2041 Ph.
1763 1994 1865 2042 602
1939 1987 1983 2043 ii
2017 2020 2088 2028 -
2125 1986 2146 2042 i
2181 2004 2279 2057 pe-

279 2055 445 2126 lasgij
488 2056 568 2111 Tu
606 2064 708 2112 628
744 2075 791 2113 υ.
831 2058 856 2110 Ι
895 2064 926 2112 3
999 2056 1020 2113 i
1054 2091 1125 2099 —-
1161 2075 1201 2131 y
1244 2061 1555 2129 saepissime
1589 2067 2002 2130 permutantur:
2050 2061 2279 2128 hyemes

278 2127 560 2197 lacrymae
599 2128 754 2198 sylva
799 2146 930 2184 raro
976 2131 1146 2199 sydus
1176 2132 1493 2200 plerumque
1520 2149 1625 2201 per
1659 2150 1710 2203 y.
1786 2130 1807 2186 i
1844 2163 1914 2172 —
1948 2147 1988 2203 y
2025 2163 2095 2171 —
2131 2147 2170 2187 u
2208 2131 2280 2184 si-

278 2203 513 2324 13⁵1?ssss
542 2200 1036 2340 1310'2311320133233
1070 2201 1314 2326 issffim
1329 2204 1959 2328 fssimssssssssa'ssffqi‘ssnss
1976 2221 2015 2272 Ρ
2014 2219 2279 2343 {33:1²3}ss

280 2341 485 2396 Phoen.
516 2348 619 2396 472
672 2343 872 2396 cumba
908 2343 1005 2396 ΗΠ
1037 2349 1172 2398 1924
1210 2344 1260 2397 Α
1290 2349 1392 2398 106
1432 2344 1476 2399 O
1510 2351 1610 2398 166
1649 2345 1701 2397 H
1732 2350 1831 2399 775
1871 2345 1916 2399 Τ
1946 2350 2048 2399 592
2087 2344 2146 2397 Μ
2176 2350 2278 2398 368

1176 2445 1208 2474 u

282 2484 646 2553 (monimenta
682 2484 800 2540 Oct.
836 2491 934 2539 196
965 2484 1031 2557 G)
1068 2486 1380 2556 phrygibus
1418 2487 1498 2539 ΤΒ
1529 2491 1629 2540 758
1668 2486 1833 2539 simul
1871 2489 1928 2540 et
1954 2503 2062 2555 pro
2098 2486 2280 2538 simile

278 2554 377 2608 ΗΠ
394 2560 531 2609 1264
567 2555 824 2625 Eurupus
843 2556 897 2609 H
913 2563 1015 2611 378
1039 2557 1165 2611 E¹V
1200 2557 1416 2626 Thylae
1437 2558 1655 2628 (Thule)
1676 2557 1852 2611 Μ379
1890 2558 2116 2626 myrrha
2132 2575 2280 2626 myr-

278 2628 371 2678 tus
391 2625 649 2695 Thyades
679 2630 937 2697 saetyger
963 2628 1023 2681 M
1043 2634 1145 2682 644
1188 2629 1400 2697 clamys
1428 2647 1494 2683 esc
1523 2629 1734 2683 clamus
1752 2628 1827 2681 Ε1
1855 2629 1899 2682 T
1922 2635 2024 2683 664
2090 2643 2120 2684 6
2148 2661 2217 2669 -—-
2247 2642 2277 2684 o

279 2699 469 2750 vertex
505 2698 600 2750 ΗΠ
638 2704 756 2752 503.
798 2705 900 2752 509
955 2701 1005 2752 Α
1043 2706 1145 2754 569
1185 2701 1256 2768 (A
1291 2701 1491 2769 ubique
1525 2703 1752 2770 vortex).
1805 2733 1875 2740 —
1925 2702 1988 2754 in
2023 2701 2280 2755 vocabulo

278 2785 471 2838 yraeco
500 2769 580 2822 Tu
608 2775 710 2823 822
748 2769 1012 2824 Mothone
1041 2772 1110 2841 (A
1138 2771 1421 2840 Methone)
1494 2786 1528 2826 a
1564 2803 1634 2810 —
1672 2786 1702 2827 6
1737 2773 1801 2826 in
1836 2772 2016 2827 vocab.
2045 2773 2277 2841 yraecis:

277 2838 506 2893 Pellene
542 2839 596 2892 H
633 2847 733 2895 979
763 2859 872 2910 pro
908 2841 1139 2911 Megara
1187 2859 1300 2897 non
1346 2859 1475 2897 raro
1512 2842 1739 2912 Megera
1784 2844 1865 2897 vel
1901 2842 2164 2912 Maegera
2200 2843 2282 2896 vel

280 2909 558 2980 Megaera.
636 2911 951 2980 Chapereus
987 2914 1037 2965 A
1075 2918 1178 2967 560
1229 2913 1326 2965 ΗΠ
1367 2918 1466 2966 777
1526 2914 1852 2985 capherides
1885 2913 1995 2978 ,ΗΠ
2034 2920 2137 2967 804
2194 2929 2280 2966 ce-

277 2981 610 3050 phallanum
646 2984 726 3036 Ta
764 2990 866 3037 518
940 2998 970 3039 6
1007 3017 1077 3024 -
1114 2984 1134 3038 i
1170 2986 1441 3038 tremesco
1479 2984 1559 3036 Tu
1587 2990 1691 3039 488
1727 2984 1781 3037 Η
1808 2990 1913 3039 418
1951 2986 1995 3038 Τ
2027 2990 2129 3039 696
2185 3001 2280 3053 ge-

278 3053 462 3106 netrix
499 3052 542 3106 O
576 3060 692 3108 615.
736 3061 836 3108 746
883 3055 980 3108 Ph.
1013 3061 1115 3109 552
1153 3055 1197 3107 Ρ
1235 3061 1334 3109 115
1373 3055 1637 3125 (genitrix
1672 3073 1785 3111 non
1818 3059 2108 3126 nusquam)
2147 3072 2280 3124 neg-

278 3123 422 3193 legit
458 3124 555 3178 ΗΠ
582 3132 681 3179 154
720 3127 764 3179 Τ
789 3132 887 3179 159
945 3127 1213 3180 demissos
1242 3125 1287 3180 O
1319 3132 1421 3180 506
1480 3127 1765 3181 deminuto
1796 3126 1840 3181 Ο
1876 3133 1972 3181 147
2014 3126 2281 3181 destricta

278 3194 328 3247 A
360 3200 460 3249 735
501 3196 710 3265 deripis
737 3198 787 3249 A
808 3203 910 3251 693
949 3197 1178 3251 deducit
1205 3198 1263 3250 M
1284 3203 1385 3252 939
1423 3230 1493 3238 —
1531 3198 1743 3253 deferte
1772 3197 2033 3269 (differte)
2067 3198 2119 3250 H
2144 3203 2277 3251 1175

279 3267 549 3320 decedere
586 3268 808 3338 (decid.)
845 3270 895 3321 A
932 3275 1035 3322 487
1082 3301 1152 3309 -
1199 3269 1454 3338 protinus
1491 3270 1665 3338 pinna
1701 3270 1937 3339 pinnata
1963 3272 2283 3339 plerumque

275 3354 465 3406 penna
500 3371 570 3378 —
609 3340 829 3408 direpta
866 3339 962 3392 ΗΠ
1004 3346 1137 3394 1262
1195 3340 1448 3394 discendi
1484 3341 1528 3393 P
1567 3347 1669 3395 669
1726 3341 2005 3395 discendit
2041 3340 2139 3393 Ph.
2175 3346 2279 3393 446

277 3410 697 3463 tremibundum
734 3411 830 3464 ΗΠ
869 3417 970 3465 812
1037 3412 1379 3481 ganticicum
1417 3413 1684 3481 (ganget.)
1726 3412 1786 3465 M
1822 3418 1925 3466 865
1992 3411 2280 3466 cremassis

276 3480 374 3533 ΗΠ
406 3487 508 3535 851
557 3482 772 3536 recides
809 3482 861 3534 H
895 3488 1030 3536 1330
1067 3515 1137 3523 —
1177 3484 1422 3537 Mutatio
1458 3484 1660 3537 vocalis
1696 3484 1814 3537 alia
1850 3491 2009 3552 atque
2044 3484 2107 3537 in
2143 3500 2280 3538 com-

269 3553 475 3621 positis
507 3555 630 3620 sieri
664 3555 795 3609 solet
817 3555 1143 3609 ‚observatur
1169 3557 1233 3608 in
1261 3554 1625 3622 subrupiendi
1653 3556 1808 3610 verbo
1835 3555 1885 3606 A
1915 3560 2017 3608 298
2053 3556 2151 3608 ubi
2178 3553 2281 3606 sub

278 3639 419 3692 rupe
456 3625 718 3678 reductus
756 3625 801 3677 Ε
842 3625 1115 3693 surripere
1154 3626 1350 3678 doctus
1386 3626 1436 3677 A
1474 3626 1566 3695 [cf.
1599 3627 1782 3680 Plaut.
1820 3627 1972 3682 Trin.
2011 3644 2058 3680 v.
2095 3630 2162 3678 83
2200 3625 2279 3679 ed.
