2658 4117
393 245 480 308 82
1034 242 1094 297 L.
1124 242 1407 296 ANNAEI
1444 241 1770 297 SENECAE

392 389 763 454 comitatus:
810 389 878 453 in
922 411 1024 453 me
1069 388 1276 452 victor
1321 393 1387 453 et
1431 389 1638 452 victus
1682 387 1856 452 furit.

392 501 586 562 quam
634 478 903 562 quisque
947 478 1254 541 famulam
1302 477 1582 542 traheret
1626 477 1869 541 incerto
1917 477 2027 541 diu
2309 494 2412 542 915

392 589 545 632 casu
590 567 918 651 pependit:
963 589 1067 630 me
1110 588 1291 630 meus
1336 566 1533 630 traxit
1579 566 1795 630 statim

395 657 531 720 sine
577 660 748 720 sorte
793 656 1107 720 dominus.
1200 676 1392 719 causa
1435 655 1752 720 bellorum
1796 655 1893 719 fui

390 749 737 827 tantaeque
782 744 1042 809 Teucris
1090 744 1331 809 cladis?
1376 742 1501 808 hoc
1544 766 1766 808 verum
1812 748 1994 827 puta,

396 832 713 917 Spartana
758 834 993 917 puppis
1039 837 1250 897 vestra
1296 833 1350 897 si
1398 834 1599 898 secuit
1642 833 1833 915 freta3

393 923 494 987 sin
537 927 723 1006 rapta
767 921 1066 1007 Phrygiis
1112 921 1348 1004 praeda
1390 922 1741 1007 remigibus
1784 921 1881 985 fui
2308 939 2412 987 920

391 1012 694 1094 deditque
740 1012 979 1075 donum
1025 1011 1221 1075 iudici
1265 1011 1497 1074 victrix
1545 1011 1686 1094 dea,

389 1101 653 1186 ignosce
697 1104 933 1183 raptae
1024 1100 1300 1164 iudicem
1347 1101 1582 1164 iratum
1628 1121 1773 1162 mea

392 1189 693 1254 habitura
739 1211 929 1253 causa
974 1192 1093 1253 est:
1141 1189 1264 1253 ista
1307 1187 1669 1253 Menelaum
1715 1191 1976 1251 manent

391 1279 674 1343 arbitria.
765 1299 938 1342 nunc
980 1277 1147 1341 hanc
1189 1278 1472 1342 luctibus
1522 1278 1784 1360 paulum
1831 1277 1989 1359 tuis,

389 1365 869 1449 Andromacha,
915 1367 1166 1430 omissis
1211 1365 1397 1431 flecte
1448 1402 1523 1412 —
1574 1367 1683 1429 vix
1726 1366 2020 1429 lacrimas
2067 1387 2233 1448 queo
2308 1382 2411 1430 925

391 1457 679 1520 retinere.
779 1473 988 1519 ANDR.
1044 1454 1367 1530 Quantum
1424 1459 1522 1520 est
1575 1453 1822 1518 Helena
1885 1454 2057 1607 (11111111
2118 1455 2414 1519 lacrimat

1878 1566 1983 1607 ma
2008 1565 2134 1606 um.

394 1655 507 1697 3111
548 1633 841 1697 lacrimat
884 1633 1140 1697 autem?
1185 1633 1319 1696 fare
1366 1654 1527 1715 quos
1573 1630 1829 1696 Ithacus
1877 1632 2083 1716 dolos,

393 1744 557 1805 quae
604 1723 840 1786 scelera
884 1726 1124 1805 nectat3
1169 1725 1387 1785 utrum
1431 1722 1514 1785 ab
1559 1719 1764 1785 Idaeis
1811 1721 1978 1805 iugis

391 1811 685 1875 iactanda
729 1810 911 1895 virgo
960 1815 1081 1894 est,
1127 1810 1289 1874 arcis
1335 1833 1419 1874 an
1463 1810 1666 1874 celsae
1713 1810 1884 1874 edito

393 1900 705 1964 mittenda
750 1899 948 1963 saxo?
993 1922 1149 1963 num
1196 1921 1310 1982 per
1354 1899 1469 1962 has
1515 1903 1767 1963 vastum
1814 1899 1883 1962 in
1926 1920 2099 1962 mare
2306 1915 2412 1964 930

393 1988 707 2053 volvenda
750 2010 968 2073 rupeS,
1012 1990 1211 2052 latere
1257 2009 1416 2071 quas
1463 1988 1658 2051 scisso
1703 1989 1876 2052 levat

393 2080 597 2142 altum
642 2078 878 2142 vadoso
928 2075 1166 2162 Sigeon
1212 2082 1505 2160 spectans
1552 2078 1738 2142 sinu‘?

395 2168 522 2249 dic,
576 2167 738 2250 fare,
783 2167 1088 2249 quicquid
1123 2166 1406 2230 'subdolo
1453 2167 1638 2230 vultu
1683 2166 1865 2251 tegis,

391 2256 634 2319 leviora
677 2257 847 2319 mala
892 2259 1043 2319 sunt
1089 2259 1345 2337 cuncta,
1392 2276 1584 2337 quam
1627 2253 1868 2318 Priami
1914 2275 2107 2339 gener

393 2342 822 2426 Hecubaeque
867 2343 1167 2427 Pyrrhus.
1257 2344 1420 2426 fare,
1467 2365 1657 2426 quam
1704 2365 1976 2427 poenam
2022 2365 2203 2426 pares
2305 2358 2410 2407 935

394 2454 695 2515 exprome
742 2437 807 2496 et
849 2455 1049 2496 unum
1095 2432 1221 2496 hoc
1266 2433 1447 2496 deme
1492 2433 1729 2496 nostris
1776 2433 2061 2497 cladibus

392 2522 558 2585 falli:
604 2524 857 2605 paratas
903 2522 1153 2604 perpeti
1197 2526 1470 2585 mortem
1518 2520 1712 2585 vides,

391 2627 553 2674 ΗΕΒ.
598 2609 863 2674 Vtinam
909 2610 1159 2674 iuberet
1203 2632 1305 2673 me
1353 2631 1609 2693 quoque
1654 2610 1967 2694 interpres
2014 2610 2202 2674 deum

390 2699 771 2782 abrumpere
818 2720 967 2763 ense
1009 2700 1173 2762 lucis
1219 2698 1461 2763 invisae
1506 2720 1718 2762 moras

393 2790 500 2852 vel
543 2787 820 2853 Achillis
867 2793 1014 2853 ante
1060 2788 1249 2852 busta
1292 2788 1639 2852 furibunda
1684 2810 1879 2852 manu
2306 2804 2415 2852 940

393 2877 679 2941 occidere
723 2876 983 2960 Pyrrhi,
1027 2877 1161 2941 fata
1208 2878 1620 2942 comitantem
1667 2881 1806 2961 tua,

534 3109 632 3158 914
667 3105 853 3160 uictus
892 3108 950 3159 et
979 3105 1162 3159 uictor
1187 3111 1232 3158 A
1260 3109 1278 3175 ΙΙ
1305 3111 1403 3158 916
1438 3105 1616 3159 trahit
1642 3111 1686 3157 Ε
1713 3106 1733 3175 ΙΙ
1759 3109 1856 3157 918
1892 3106 2167 3174 tantaque
2202 3104 2415 3158 teucris

392 3176 583 3230 clades
618 3183 661 3230 E
715 3179 734 3246 ΙΙ
788 3182 885 3229 919
924 3194 1004 3245 sp.
1043 3193 1233 3246 puppe
1268 3195 1316 3230 v,
1359 3176 1408 3230 s'i
1445 3177 1596 3230 secui
1633 3175 1698 3229 fr.
1737 3182 1780 3228 E
1835 3177 1855 3246 ΙΙ
1908 3180 2014 3229 920
2050 3175 2277 3246 phygiis
2314 3182 2357 3228 E
2395 3178 2414 3246 ΙΙ

393 3252 499 3300 922
536 3247 764 3331 ignosce
800 3247 993 3301 Paridi
1030 3266 1085 3302 ω
1121 3263 1256 3302 corr
1298 3249 1545 3314 Richter,
1589 3248 1786 3302 vitium
1829 3248 2030 3301 detexit
2062 3247 2178 3302 Leo
2212 3248 2257 3300 I
2282 3250 2415 3314 222,

391 3318 490 3386 qui
522 3320 619 3372 ci..-
663 3318 698 3373 i.
738 3320 998 3388 praedae.
1038 3318 1310 3402 (ignosce-
1348 3319 1569 3388 pridem
1605 3320 1823 3401 Peiper)
1854 3321 1862 3389 Ι
1894 3317 2102 3372 iratum
2138 3321 2279 3388 puta
2315 3323 2360 3370 A

396 3392 501 3440 923
539 3388 707 3443 istam
744 3390 901 3445 mille
937 3407 1164 3444 navium
1200 3408 1272 3444 m.
1311 3396 1355 3442 B
1392 3394 1410 3459 ΙΙ
1455 3395 1561 3443 924
1598 3388 1833 3444 arbitrix
1868 3396 1911 3442 B
1946 3391 1966 3459 ΙΙ
2006 3395 2111 3442 925
2149 3389 2279 3443 flete
2315 3395 2358 3441 E

391 3463 493 3540 931
528 3477 640 3527 qua
675 3467 718 3514 E
745 3463 765 3530 ΙΙ
792 3466 898 3514 932
932 3461 1173 3515 uadosos
1212 3461 1417 3531 Sigeon
1455 3479 1534 3530 sp.
1567 3461 1720 3515 sinus
1756 3465 1803 3514 A
1851 3460 2064 3514 uadoso
2102 3460 2293 3542 sigaeo
2331 3477 2412 3528 sp.

394 3528 578 3584 sinum
615 3537 658 3583 E
705 3548 841 3586 corr.
886 3527 1106 3586 Gronov
1152 3532 1331 3586 altum
1378 3548 1413 3586 a
1455 3533 1597 3586 vado
1644 3531 1847 3602 Sigeon
1895 3534 2191 3601 aspectans
2230 3530 2413 3584 sinum

393 3601 533 3656 Birt
560 3619 619 3671 p.
649 3606 761 3657 552
785 3603 805 3671 ΙΙ
832 3607 935 3655 933
975 3602 1144 3657 effare
1181 3604 1412 3674 Bentley
1438 3605 1457 3672 ΙΙ
1484 3609 1590 3657 936
1626 3604 1797 3658 etiam
1834 3620 1983 3657 nunc
2032 3602 2137 3657 hoc
2173 3608 2246 3655 At
