2658 4117
1017 275 1430 331 PRAEFATIO
2056 276 2246 330 XXXI¹

192 427 497 486 uberrimo
546 427 912 505 colligendas
960 430 1021 486 et
1059 427 1451 505 excerpendas
1486 419 1795 508 intento.*)
1843 425 2234 495 Quamobrem

196 507 528 596 (20—22)
574 506 673 575 ut'
703 517 1037 577 Vincentius
1081 516 1515 576 Bellovacensis
1561 517 1646 575 sic
1690 516 1943 591 Ecloyae
1988 516 2233 590 Luam-

196 623 410 665 nenses
457 608 519 663 et
562 605 911 664 Parisinum
953 605 1301 680 florileyiwm
1346 607 1409 663 in
1455 605 1812 665 testimoniis
1857 605 1930 664 de
1978 603 2234 665 Senecae

196 694 528 773 tragoediis
583 692 930 772 colligendis
982 713 1090 769 per
1143 693 1326 753 medii
1380 695 1514 752 aevi
1563 695 1832 770 tempora
1884 694 2233 772 propagatis

199 802 319 844 non
368 784 653 841 ultimum
697 786 899 842 tenere
944 783 1140 842 locum
1175 783 1266 842 fas
1305 785 1409 842 est.
1483 782 1574 841 De
1611 783 1823 859 quibus
1860 783 1938 841 ad
1974 802 2045 842 ea
2082 802 2234 859 quae

200 893 237 931 a
281 872 357 930 F.
397 872 615 947 Leone,
660 890 697 931 a
742 872 981 945 Peipero
1032 871 1248 931 Cloetta
1297 870 1698 932 Creizenachio
1745 873 1881 932 aliis
1928 871 2235 948 disputata

201 964 344 1021 sunt
409 962 475 1020 in
540 962 777 1037 scriptis
842 961 1076 1036 saepius
1141 962 1614 1021 commemoratis
1671 953 1769 1042 (K.
1808 961 1879 1020 U.
1917 982 1973 1038 p.
2015 962 2096 1019 26
2119 957 2232 1038 sq.)

198 1051 377 1110 huius
423 1051 516 1109 rei
562 1049 854 1110 studiosos
899 1051 1192 1127 relegasse
1238 1051 1384 1109 satis
1428 1050 1629 1108 habui.

1026 1367 1288 1428 CAPUT
1332 1368 1426 1426 ΙΠ
2134 1407 2137 1410 ·

225 1480 231 1487 ’
304 1475 658 1550 Conspectus
702 1476 956 1536 lectionis
990 1475 1375 1549 Peipcrianae
1421 1467 1521 1556 (cf.
1569 1493 1749 1552 supra
1775 1496 1850 1552 p.
1878 1467 2141 1557 VH).**)

1004 1627 1440 1676 HERCULESI

344 1726 473 1784 100
518 1725 738 1784 incitae
779 1718 789 1801 Ι
834 1726 957 1783 132
979 1725 1167 1801 'aquis
1209 1718 1217 1802 Ι
1262 1725 1387 1784 259
1429 1724 1634 1782 tremit
1673 1718 1681 1802 Ι
1727 1725 1852 1783 268
1902 1725 2231 1801 civitasque

204 1814 561 1889 Amphionis
602 1805 612 1894 Ι
656 1815 783 1872 269
831 1812 1108 1892 ignarum
1148 1807 1156 1891 Ι
1200 1813 1327 1871 287
1377 1812 1593 1872 cecidit
1633 1804 1641 1892 Ι
1686 1814 1811 1871 343
1860 1814 2098 1871 tenetur
2141 1814 2231 1871 in-

205 1904 350 1962 vitis
392 1894 401 1983 Ι
444 1903 570 1962 380
623 1903 839 1978 larem,
893 1902 1155 1978 patriam
1194 1900 1203 1973 Ι
1248 1903 1374 1961 383
1432 1921 1502 1961 ex
1547 1903 1664 1961 isto
1706 1896 1714 1979 Ι
1758 1903 1887 1961 390
1942 1894 2227 1982 superbo}

207 1994 335 2050 427
394 1991 572 2051 effare
623 1992 907 2051 thalamis
940 2012 1018 2068 q.
1066 2011 1122 2051 n.
1178 1992 1378 2068 potius
1432 2011 1489 2068 p.
1542 1985 1550 2070 Ι
1607 1992 1736 2049 430
1795 1990 1883 2051 Sc.
1931 2010 1986 2048 n.
2034 1992 2232 2068 potior

207 2083 296 2141 est
340 2082 602 2142 famulus
646 2083 690 2140 t.
734 2080 742 2155 Ι
786 2083 914 2140 454
960 2083 1244 2155 monstra,
1290 2099 1495 2141 saevas
1546 2073 1555 2161 Ι
1606 2081 1733 2139 485
1782 2080 1989 2141 obvius
2040 2076 2049 2158 Ι
2101 2082 2227 2140 538

204 2171 515 2230 tenderent
553 2163 562 2251 Ι
607 2171 733 2230 608
782 2189 1016 2246 quaque
1058 2164 1066 2247 Ι
1112 2171 1237 2228 612
1284 2171 1404 2229 vici
1444 2165 1453 2247 Ι
1498 2170 1624 2229 634
1670 2170 1858 2230 hostis
1907 2166 1916 2248 Ι
1969 2171 2095 2230 635
2144 2172 2230 2230 la-

204 2259 429 2336 borque
475 2278 738 2321 summus
779 2251 788 2339 Ι
840 2260 968 2318 660
1016 2278 1101 2335 sq.
1147 2261 1277 2317 tota
1308 2291 1375 2299 ——
1406 2259 1613 2317 aethra
1661 2254 1670 2337 Ι
1725 2260 1848 2319 723
1898 2261 2192 2336 specimen
2248 2328 2252 2334 1

208 2350 332 2407 742
365 2349 715 2425 animaeque
757 2342 765 2426 Ι
810 2349 932 2408 739
955 2350 1235 2423 tutorque
1275 2339 1285 2428 Ι
1331 2350 1454 2406 799
1478 2347 1661 2424 clepit
1700 2339 1709 2429 Ι
1752 2348 1877 2406 825
1902 2350 2202 2424 aciemque

206 2438 335 2497 840
374 2438 568 2513 qualis
609 2431 618 2515 Ι
663 2438 787 2496 999
834 2437 1005 2496 clava
1045 2428 1053 2517 Ι
1100 2437 1268 2496 1068
1308 2436 1548 2495 volucer
1588 2429 1596 2518 Ι
1643 2438 1811 2495 1137
1851 2441 1985 2496 ante
2026 2432 2226 2517 1122Ι

208 2527 378 2587 1198
409 2545 551 2585 voce
573 2526 877 2585 cedentem
918 2517 926 2606 Ι
973 2526 1142 2585 1208
1172 2528 1417 2601 paretur
1457 2517 1466 2606 Ι
1511 2526 1839 2584 1216—18
1858 2530 1997 2599 post
2027 2518 2225 2608 1234Ι

207 2616 380 2692 1340
425 2614 672 2675 restitue

1059 2731 1381 2781 TROADES

340 2829 466 2887 251
500 2829 726 2903 primae
769 2822 777 2906 Ι
821 2829 946 2885 269
978 2826 1085 2886 alii
1125 2821 1134 2906 Ι
1180 2829 1304 2886 279
1346 2828 1526 2886 etiam
1566 2819 1575 2909 Ι
1619 2828 1745 2886 338
1785 2828 2006 2887 exolvit
2046 2820 2054 2909 Ι
2098 2829 2224 2887 407

208 2917 335 2977 408
360 2920 502 2990 post
536 2918 685 2993 400,
711 2915 908 2976 deletis
945 2918 1070 2976 401
1104 2918 1232 2976 402
1245 2918 1273 2946 ⁸
1312 2911 1320 2995 Ι
1365 2917 1491 2974 457
1532 2917 1756 2975 excutit
1796 2908 1804 2997 Ι
1848 2918 1973 2974 479
2014 2908 2223 2998 capax}

205 3006 331 3064 533
395 3024 479 3081 sq.
545 3004 977 3068 Andromacha.
1060 3023 1204 3064 Ano.
1268 3004 1482 3065 Vester
1546 3023 1736 3083 augur
1805 3005 1861 3062 h.
1921 3002 1980 3063 O.
2048 3007 2225 3065 canit.

201 3113 295 3153 vn.
327 3097 405 3170 et,
435 3094 555 3174 sit.
598 3086 606 3175 Ι
650 3096 775 3154 553
811 3095 908 3153 hic
949 3086 957 3175 Ι
1002 3095 1128 3153 585
1168 3094 1318 3154 ustis
1361 3088 1369 3172 Ι
1414 3094 1539 3153 587
1570 3097 1801 3153 tumens
1844 3086 1852 3175 Ι
1897 3095 2021 3154 633
2061 3088 2223 3176 sero}

204 3184 330 3242 643
383 3184 507 3242 cari
547 3175 556 3264 Ι
600 3184 724 3242 688
772 3183 954 3243 elidet
994 3177 1002 3261 Ι
1048 3185 1172 3242 797
1211 3201 1482 3260 premens
1525 3175 1532 3263 Ι
1576 3184 1700 3242 821
1743 3181 2005 3259 Gyrtone
2046 3178 2054 3262 Ι
2099 3185 2223 3243 959

342 3353 394 3422 *)
435 3353 453 3379 ‘
468 3353 676 3407 Seneca
696 3351 992 3406 —librum
1017 3351 1404 3422 tragediarum
1424 3353 1738 3421 composuit
1761 3353 1822 3405 in
1850 3369 1961 3422 quo
1982 3352 2227 3422 plurima

201 3441 303 3493 per
341 3423 652 3478 sententias
687 3423 932 3477 multum
966 3423 1149 3479 utilia.
1190 3427 1247 3479 et
1283 3439 1385 3494 per
1422 3423 1811 3478 exornationes
1850 3428 1916 3494 (v.
1940 3426 1971 3478 l.
2009 3428 2227 3479 exorta-

199 3496 408 3595 tiones)
426 3494 665 3570 multum
683 3495 884 3550 suavia
902 3495 1065 3550 nobis
1084 3494 1361 3549 tradidit)
1385 3494 1468 3547 Ex
1485 3494 1629 3549 libro
1649 3494 1894 3577 quodam
1907 3494 2223 3550 Dresdensi.

238 3611 243 3614 .
345 3565 373 3595 ‘
406 3570 425 3636 )
462 3565 827 3621 Coniecturae
864 3565 1088 3649 Peiperi
1128 3567 1188 3620 in
1236 3565 1601 3649 adnotatione
1648 3567 2225 3649 ennea-memoratae

201 3654 317 3691 non
354 3639 684 3707 repetuntur
719 3638 828 3693 hoc
862 3636 986 3692 loco
1022 3638 1134 3691 nisi
1171 3653 1311 3706 quas
1349 3654 1408 3689 m
1445 3638 1662 3691 textum
1697 3653 1871 3706 rec1p1
1909 3636 2101 3691 voluit.
