2658 4117
381 226 515 290 418
1253 223 1551 278 INCERTI

398 373 609 436 dirum
654 370 942 435 laborem
990 368 1280 455 Sisyphi,
1324 369 1503 453 Tityi
1548 369 1767 433 alitem

390 458 763 542 Ixionisque
810 459 1100 523 membra
1143 459 1500 542 rapientem
1547 462 1776 524 rotam.

382 549 538 615 licet
584 551 838 612 extruat
885 548 1314 612 marmoribus
1361 551 1554 631 atque
1600 569 1755 612 auro
1802 551 1983 633 tegat

384 637 699 721 superbus
745 637 987 719 aulam,
1030 636 1230 701 limen
1275 640 1558 700 armatae
1607 635 1786 700 ducis

384 730 638 790 servent
685 726 1011 808 cohortes,
1055 725 1275 789 mittat
1319 726 1665 789 immensas
1714 746 1867 809 opes

384 815 731 879 exhaustus
780 814 983 898 orbis,
1029 814 1352 897 supplices
1400 814 1690 878 dextram
1737 816 1963 897 petant

382 903 608 967 Parthi
654 906 1012 986 cruentam,
1057 924 1258 987 regna
1304 902 1563 967 divitias
1607 902 1843 966 ferant:

381 993 595 1056 veniet
641 992 777 1056 dies
821 996 1205 1075 tempusque
1252 1012 1381 1073 quo
1428 991 1652 1055 reddat
1698 992 1831 1056 suis

380 1081 662 1145 animam
708 1082 1046 1145 nocentem
1095 1080 1471 1163 sceleribus,
1515 1080 1812 1164 iugulum
1859 1078 2157 1144 hostibus

383 1170 669 1234 desertus
716 1191 792 1234 ac
838 1170 1200 1234 destructus
1247 1173 1313 1232 et
1361 1169 1609 1234 cunctis
1655 1190 1868 1254 egens.

378 1259 533 1342 heu,
581 1279 710 1340 quo
755 1258 957 1340 labor,
1003 1279 1131 1341 quo
1179 1262 1332 1322 vota
1379 1258 1747 1322 ceciderunt
1792 1257 1985 1322 mea‘?

380 1368 508 1430 quo
555 1350 620 1411 te
664 1347 846 1411 furor
890 1347 1189 1429 provexit
1232 1346 1580 1411 attonitum
1627 1351 1779 1412 tuus

381 1440 446 1500 et
489 1436 650 1519 fata,
694 1439 873 1518 nate,
919 1435 1102 1500 cedat
1145 1438 1222 1499 ut
1264 1436 1465 1500 tantis
1512 1435 1699 1500 malis

379 1524 718 1610 genetricis
764 1525 860 1589 ira
907 1546 1070 1608 quae
1116 1527 1230 1589 tuo
1279 1525 1516 1589 scelere
1564 1523 1844 1589 occidit?

378 1614 629 1678 utinam
677 1618 1022 1696 antequam
1068 1616 1132 1676 te
1179 1614 1519 1697 parvulum
1566 1613 1636 1677 in
1678 1613 1889 1677 lucem
1937 1611 2108 1676 edidi

379 1702 640 1785 aluique
651 1752 670 1787 ,
716 1724 939 1767 saevae
984 1706 1206 1767 nostra
1251 1703 1640 1787 lacerassent
1682 1702 1854 1766 ferae

376 1791 646 1856 viscera:
695 1791 832 1856 sine
878 1792 1013 1855 ullo
1062 1790 1324 1875 scelere,
1372 1792 1509 1856 sine
1556 1812 1745 1856 sensu
1793 1792 2102 1855 innocens

377 1900 557 1944 meus
606 1880 977 1963 occidisses3
1023 1878 1281 1945 iunctus
1327 1884 1521 1963 atque
1566 1880 1835 1944 haerens
1881 1879 2044 1943 mihi

377 1990 628 2050 semper
674 1969 957 2051 quietam
1005 1989 1292 2033 cerneres
1341 1970 1556 2033 sedem
1602 1968 1910 2051 inferum,

375 2078 651 2141 proavos
698 2061 1103 2141 patremque,
1147 2057 1429 2122 nominis
1476 2058 1696 2144 magni
1742 2058 1941 2140 viros,

376 2167 538 2229 quos
583 2167 757 2210 nunc
801 2145 1010 2229 pudor
1051 2147 1394 2230 luctusque
1439 2151 1785 2231 perpetuus
1832 2149 2051 2210 manet

376 2256 455 2299 ex
501 2239 563 2298 te
575 2284 593 2317 ‚
637 2234 936 2317 nefande,
981 2256 1212 2317 meque
1259 2257 1422 2319 quae
1470 2238 1664 2300 talem
1711 2236 1853 2300 tuli.

376 2323 531 2406 quid
577 2326 794 2408 tegere
841 2345 1020 2389 cesso
1058 2323 1327 2389 Tartaro
1374 2326 1592 2388 vultus
1638 2347 1844 2408 meos,

372 2434 651 2479 noverca
698 2413 980 2477 coniunx
1025 2417 1232 2478 mater
1275 2413 1504 2478 infelix
1549 2414 1753 2478 meis‘?
1826 2440 1830 2446 ’

977 2623 1361 2690 OCTAVIA
1435 2623 1783 2692 OHORVS
1908 2682 1912 2685 ,

869 2749 1122 2815 Parcite
1167 2750 1450 2815 lacrimis
1497 2751 1676 2815 urbis
1722 2752 1888 2816 festo

733 2838 1032 2922 laetoque
1080 2840 1208 2923 die,
1252 2862 1335 2904 ne
1381 2844 1600 2905 tantus
1647 2862 1828 2904 amor

735 2928 1068 3010 nostrique
1112 2929 1297 2994 favor
1342 2929 1653 3013 principis
1700 2950 1875 2993 acres

737 3017 1002 3081 suscitet
1047 3017 1173 3082 iras
1220 3019 1537 3100 vobisque
1582 3039 1703 3104 ego
1751 3019 1874 3082 sim

735 3127 926 3170 causa
969 3107 1305 3171 malorum.
1395 3129 1528 3177 non
1572 3108 1698 3171 hoc
1742 3107 2023 3191 primum

733 3198 996 3277 pectora
1039 3197 1273 3260 vulnus
1321 3219 1465 3260 mea
1511 3200 1872 3261 senserunt:

734 3284 1029 3368 graviora
1074 3285 1224 3369 tuli3
1271 3285 1449 3349 dabit
1493 3286 1602 3349 hic
1647 3286 1887 3350 nostris

2316 652 2429 701 625

2312 1094 2425 1144 630

2309 1538 2417 1587 635

2304 1983 2415 2034 640

2301 2430 2411 2478 645

2296 3125 2407 3174 650

511 3514 614 3562 625
655 3513 906 3564 armatae
943 3510 1080 3566 licet
1115 3512 1351 3583 Bentley
1413 3515 1432 3583 n
1495 3518 1592 3567 681
1630 3514 1743 3567 des.
1784 3516 1842 3569 et
1880 3514 2047 3568 destr.
2089 3529 2156 3568 ac
2194 3531 2238 3568 c.
2270 3531 2317 3571 e.
2353 3520 2404 3568 A

369 3591 505 3631 corr.
536 3591 592 3643 ψ
619 3582 639 3648 ΙΙ
667 3585 771 3633 639
808 3597 1028 3635 mecum
1063 3595 1119 3650 ψ
1147 3586 1166 3653 ΙΙ
1194 3589 1297 3636 646
1336 3585 1498 3640 inser.
1539 3601 1638 3640 om.
1668 3596 1724 3651 ψ
