2658 4117
389 258 518 329 130
1030 255 1088 307 n
1118 253 1402 307 ANNAEI
1439 251 1763 309 SENECAE

704 402 917 465 natale
963 401 1201 481 solum,
1246 420 1381 462 non
1424 402 1613 462 norat
1657 419 1837 481 opes:
2305 413 2410 460 334

704 490 990 553 nondum
1038 489 1379 572 quisquam
1427 487 1633 551 sidera
1676 490 1892 569 norat,
2305 501 2408 550 309

705 579 1035 661 stellisque
1083 577 1316 661 quibus
1364 577 1655 661 pingitur
1701 575 1918 640 aether
2307 591 2410 639 310

703 689 836 731 non
881 671 1016 731 erat
1058 687 1240 750 usus,
1286 665 1574 729 nondum
1619 665 1870 748 pluvias

703 755 965 840 Hyadas
1010 758 1263 838 poterat
1307 755 1509 818 vitare
1553 755 1738 837 ratis,

668 865 671 869 ’
704 866 838 909 non
883 842 1144 909 Oleniae
1187 844 1438 907 lumina
1483 865 1738 927 caprae,

704 956 824 999 nee
872 956 1034 1016 quae
1080 933 1372 1015 sequitur
1416 932 1743 1015 flectitque
1791 953 1984 995 senex
2396 964 2397 969 κ

706 1021 925 1087 Attica
970 1023 1187 1086 tardus
1233 1022 1524 1104 plaustra
1567 1020 1805 1085 Bootes
1814 1070 1832 1104 ‚
2287 1034 2410 1083 -315

707 1111 995 1176 nondum
1025 1110 1307 1193 Boreas,
1342 1158 1344 1163 .
2387 1129 2397 1145 2

704 1199 992 1264 nondum
1038 1199 1371 1283 Zephyrus
1416 1220 1654 1263 nomen
1697 1198 2038 1262 habebant.

839 1287 1055 1353 Ausus
1101 1287 1348 1371 Tiphys
1394 1287 1671 1371 pandere
1717 1291 1898 1351 vasto

709 1379 972 1451 carbasa
1015 1381 1215 1471 ponto
2401 1419 2404 1422 -

707 1468 1009 1552 legesque
1054 1487 1254 1530 novas
1302 1465 1576 1529 seribere
1622 1464 1856 1529 ventis:
2309 1480 2414 1528 320

707 1577 879 1620 nune
922 1555 1058 1619 lina
1103 1556 1248 1619 sinu
1293 1553 1551 1618 tendere
1597 1558 1764 1636 tot0,

710 1665 881 1708 nunc
926 1644 1178 1728 prolato
1224 1643 1385 1727 pede
1431 1647 1825 1706 transversos

710 1737 965 1816 captare
1010 1737 1199 1797 notos
1213 1783 1230 1815 ‚
1275 1753 1447 1796 nune
1493 1735 1823 1795 antemnas

709 1823 919 1886 medio
967 1825 1138 1885 tutas
1185 1843 1423 1905 ponere
1469 1821 1668 1903 malo,

709 1933 882 1976 nune
927 1911 997 1974 in
1042 1931 1293 1975 summo
1339 1910 1623 1995 religare
1655 1910 1829 1992 1000,
2311 1923 2414 1971 325

714 2023 861 2066 cum
909 2001 1036 2064 iam
1082 2003 1255 2064 totos
1302 1998 1527 2063 avidus
1574 1997 1845 2062 nimium

710 2090 929 2153 navita
972 2089 1162 2153 flatus
1210 2093 1393 2172 optat
1439 2092 1502 2152 et
1547 2088 1679 2151 alto

710 2177 1068 2243 rubicunda
1111 2181 1396 2241 tremunt
1442 2178 1653 2260 sipara
1697 2176 1859 2239 velo,
2313 2190 2417 2238 328

713 2267 873 2330 bene
920 2266 1225 2350 dissaepti
1268 2266 1527 2330 foedera
1571 2265 1795 2329 mundi
2312 2280 2417 2327 335

711 2356 910 2419 traxit
953 2356 1023 2418 in
1066 2376 1266 2419 unum
1314 2354 1622 2419 Thessala
1666 2355 1856 2437 pinus

713 2445 1026 2527 iussitque
1070 2445 1207 2527 pati
1252 2444 1517 2508 verbera
1551 2447 1852 2526 pontum,

714 2536 1088 2617 partemque
1133 2537 1342 2597 metus
1387 2533 1529 2596 fieri
1558 2532 1779 2616 ‘nostri

714 2644 888 2686 mare
936 2622 1303 2705 sepositum.

716 2710 892 2775 dedit
937 2711 1050 2774 illa
1095 2733 1319 2796 graves
1369 2710 1663 2793 improba
1707 2729 1947 2792 poenas
2315 2723 2421 2771 340

714 2822 829 2884 per
872 2804 1005 2863 tam
1051 2800 1281 2884 longos
1329 2800 1521 2862 ducta
1565 2800 1854 2881 timores,

717 2910 864 2952 eum
912 2889 1037 2951 duo
1085 2891 1365 2971 montes,
1412 2888 1690 2952 claustra
1735 2885 2064 2969 profundi,

718 2978 873 3042 hine
919 2981 1109 3059 atque
1157 2978 1339 3041 illine
1385 2977 1599 3040 subito
1648 2977 1930 3058 impulsu

716 3068 894 3131 velut
939 3065 1220 3130 aetherio
1268 3069 1596 3151 gemerent
1642 3066 1857 3128 sonitu
1867 3115 1884 3147 ‚

716 3156 1046 3239 nubesque
1092 3155 1264 3237 ipsas

720 3267 893 3309 mare
941 3244 1321 3327 deprensum
1371 3246 1697 3328 spargeret
1743 3242 1992 3306 austria
2310 3255 2423 3303 345

544 3407 642 3454 312
679 3403 943 3470 poterant
978 3419 1027 3455 v.
1062 3403 1210 3455 rates
1248 3406 1294 3453 A
1339 3402 1358 3469 ΙΙ
1409 3406 1504 3453 313
1544 3400 1729 3453 sidera
1766 3414 1969 3467 caprae
2006 3403 2052 3450 A
2106 3401 2148 3467 ΙΙ
2179 3402 2276 3450 314
2313 3414 2427 3450 non

404 3487 549 3538 quae
588 3476 634 3523 A
683 3474 692 3540 Ι
742 3472 1020 3555 defietque
1055 3476 1155 3524 EA
1191 3488 1325 3527 corr.
1357 3483 1412 3537 ψ
1476 3473 1494 3540 ΙΙ
1558 3476 1652 3524 315
1693 3470 1904 3523 aretiea
1940 3475 1986 3522 A
2036 3471 2043 3539 Ι
2097 3469 2288 3522 boetes
2326 3473 2372 3520 A
2409 3468 2428 3539 ΙΙ

405 3546 511 3594 320
548 3542 735 3595 nautis
773 3545 838 3597 ci.
870 3543 1093 3598 Richter
1126 3544 1291 3612 symb.
1316 3559 1376 3610 p.
1409 3546 1478 3596 34
1514 3545 1532 3611 ΙΙ
1570 3547 1673 3594 328
1714 3557 1959 3610 suppara
1995 3545 2041 3592 A
2068 3542 2086 3609 ΙΙ
2129 3545 2229 3592 345
2270 3555 2428 3607 spar-

403 3614 562 3681 geret
599 3614 750 3666 astra
778 3618 824 3665 A
869 3630 951 3682 sp
983 3613 1226 3667 astrisE
1183 3620 1346 3682 E.sp
1380 3614 1522 3667 areis
1553 3612 1789 3683 Madvig}
1819 3613 1896 3665 11
1916 3616 2023 3666 123
2061 3628 2194 3665 corr.
2228 3611 2428 3677 Peiper
