2658 4117
357 282 491 345 248
1005 280 1064 334 L.
1095 278 1382 333 ANNAEI
1419 278 1747 333 SENECAE

361 442 559 489 OLYT.
606 425 902 490 Perlucet
950 446 1138 489 omne
1183 424 1399 509 regiae
1443 426 1674 488 vitium
1721 424 1968 488 domus,

361 532 571 578 NVTR.
616 513 806 599 Piget
850 514 1084 597 prioris
1131 516 1196 577 et
1240 534 1483 577 novum
1531 514 1773 577 crimen
1818 513 2057 577 struis?

360 619 559 666 OLYT.
607 602 734 666 Res
783 606 879 666 est
924 602 1214 685 profecto
1262 603 1463 665 stulta
1507 602 1831 685 nequitiae
1876 598 2127 666 111οᾶ118.
2164 670 2167 673 ,
2292 617 2404 668 150

356 708 566 754 NVTR.
615 689 800 765 Quod
844 691 1077 755 metuit
1121 694 1315 774 auget
1364 691 1474 773 qui
1522 692 1728 754 scelus
1776 692 2012 755 scelere
2060 691 2292 755 obruit.

362 796 559 842 OLYT.
607 778 696 842 Et
739 779 981 843 ferrum
1029 783 1093 843 et
1138 780 1308 864 ignis
1357 800 1544 862 saepe
1590 779 1943 843 medicinae
1986 780 2133 843 loco
2182 784 2296 844 est.

356 885 564 931 NVTR.
611 866 920 931 Extrema
965 868 1175 951 primo
1221 888 1412 931 nemo
1458 868 1802 950 temptavit
1843 869 2008 931 1000.

358 973 554 1019 OLYT.
603 954 935 1039 Rapienda
980 955 1168 1019 rebus
1193 956 1286 1025 ‚in
1332 957 1519 1020 malis
1565 976 1870 1040 praeceps
1916 957 2021 1020 via
2069 960 2184 1021 est.
2361 1023 2366 1026 ,

355 1062 563 1107 NVTR.
609 1043 700 1108 At
743 1048 809 1108 te
853 1044 1142 1108 reflectat
1189 1045 1450 1128 coniugi
1495 1066 1735 1112 nomen
1781 1065 2050 1108 sacrum.
2289 1060 2399 1109 155

358 1150 560 1196 OLYT.
603 1131 842 1197 Decem
888 1154 1003 1216 per
1049 1145 1251 1196 annos
1298 1133 1492 1196 vidua
1535 1132 1875 1216 respiciam
1922 1133 2176 1197 virum?

351 1239 561 1285 NVTR.
606 1220 978 1285 Meminisse
1026 1221 1214 1285 debes
1263 1221 1504 1284 sobolis
1551 1244 1631 1286 ex
1676 1222 1792 1285 illo
1839 1226 2005 1286 tuae.

356 1327 555 1374 CLYT.
601 1308 920 1392 Equidem
968 1313 1031 1372 et
1077 1310 1323 1393 iugales
1370 1310 1541 1373 filiae
1588 1311 1854 1374 memini
1897 1311 2069 1374 faces

355 1401 421 1463 et
467 1420 773 1483 generum
819 1395 1168 1461 Achillem:
1213 1399 1536 1481 praestitit
1581 1399 1773 1462 matri
1817 1398 2028 1462 fidem.

351 1504 561 1550 NVTR.
608 1485 905 1550 Redemit
950 1486 1065 1549 illa
1110 1486 1331 1550 classis
1377 1486 1685 1551 immotae
1731 1508 1945 1551 moras
2288 1502 2398 1551 160

353 1580 420 1639 et
466 1576 668 1639 maria
712 1575 901 1660 pigro
946 1575 1078 1637 fixa
1120 1576 1433 1660 languore
1479 1576 1755 1659 impulit.
2211 1588 2217 1593 '

354 1681 553 1727 OLYT.
599 1662 807 1727 Pudet
854 1664 1154 1745 doletque
1193 1700 1277 1709 —
1315 1662 1657 1747 Tyndaris,
1704 1663 1864 1728 caeli
1910 1684 2139 1748 genus,

350 1752 620 1816 lustrale
667 1752 853 1817 classi
898 1750 1173 1816 Doricae
1217 1752 1440 1835 peperi
1487 1754 1704 1835 caput!

350 1841 630 1904 revolvit
675 1840 928 1904 animus
952 1903 955 1906 ,
975 1840 1244 1925 virginis
1290 1840 1612 1904 thalamos
1659 1862 1838 1904 meae

353 1950 517 2011 quos
562 1929 672 1992 ille
719 1929 948 2013 dignos
993 1927 1260 2011 Pelopia
1303 1928 1459 1993 fecit
1505 1930 1723 2014 dom0,
2286 1944 2394 1993 165

350 2037 500 2081 cum
548 2017 729 2082 stetit
775 2018 856 2081 ad
900 2039 1041 2082 aras
1091 2039 1200 2082 ore
1246 2018 1535 2082 sacrifico
1582 2021 1767 2102 pater

352 2128 546 2189 quam
590 2107 930 2189 nuptialis!
976 2107 1229 2170 horruit
1278 2105 1547 2171 Calchas
1594 2128 1745 2170 suae

347 2213 659 2278 responsa
705 2195 882 2258 vocis
931 2199 994 2258 et
1038 2195 1405 2259 recedentes
1449 2196 1647 2259 focos

353 2305 391 2347 0
439 2284 678 2346 scelera
725 2304 977 2366 semper
1021 2283 1366 2347 sceleribus
1413 2284 1674 2348 vincens
1721 2284 1979 2366 domus,

350 2391 577 2434 cruore
621 2375 847 2435 ventos
895 2372 1194 2454 01111111118,
1240 2372 1485 2436 bellum
1531 2374 1712 2436 nece!
2284 2387 2394 2435 170

349 2461 463 2523 8οᾶ
507 2461 651 2523 vela
694 2460 936 2542 pariter
979 2460 1158 2524 mille
1203 2460 1493 2524 fecerunt
1536 2462 1749 2525 rates?

345 2569 481 2612 non
528 2552 624 2611 est
670 2549 881 2611 soluta
927 2570 1235 2631 prospero
1284 2550 1504 2613 classis
1553 2550 1699 2613 deo:

346 2637 536 2717 eiecit
581 2633 767 2700 Aulis
815 2637 1046 2720 impias
1094 2641 1286 2721 portu
1332 2641 1519 2702 rates

349 2726 444 2788 sic
489 2725 856 2808 auspicatus
904 2726 1074 2789 bella
1118 2747 1252 2790 non
1297 2727 1526 2790 melius
1573 2726 1755 2810 gerit.

347 2835 567 2877 amore
616 2817 839 2896 captae
884 2818 1109 2897 captus
1119 2864 1136 2896 ,
1181 2815 1489 2878 immotus
1537 2836 1724 2898 prece
2281 2830 2392 2878 175

345 2900 688 2966 Zminthea
732 2903 941 2966 tenuit
987 2903 1196 2986 spolia
1239 2901 1524 2967 Phoebei
1571 2903 1767 2984 801118,

344 2991 573 3054 ardore
620 3011 834 3055 sacrae
882 2992 1151 3076 virginis
1197 2992 1326 3055 iam
1373 2996 1514 3055 tum
1560 2991 1795 3055 furens.

488 3133 580 3181 151
617 3129 825 3183 8001010
862 3129 1042 3183 8001118
1079 3131 1194 3181 Δ(τ)
1240 3132 1259 3197 Η
1304 3134 1403 3181 154
1441 3129 1716 3198 capienda
1752 3134 1799 3180 A
1825 3132 1844 3198 ΙΙ
1871 3134 1968 3181 155
2008 3129 2262 3198 coniugis
2301 3131 2385 3183 ed.

345 3200 649 3270 Burdeqal.
678 3202 697 3268 ΙΙ
724 3205 819 3252 158
859 3200 932 3254 Et
968 3200 1199 3269 quidem
1235 3206 1276 3251 Ε
1305 3203 1324 3269 ΙΙ
1352 3205 1467 3252 160.
1498 3205 1588 3253 161
1627 3201 2082 3270 Clytaemnestrae
2109 3202 2248 3255 dant
2282 3212 2338 3266 ψ
2369 3201 2390 3269 ΙΙ

340 3276 436 3323 161
472 3270 641 3339 lango
678 3270 907 3339 impulit
942 3278 985 3324 Ε
1030 3274 1049 3340 ΙΙ
1094 3277 1193 3324 162
1229 3271 1410 3339 pudet
1447 3271 1715 3340 pigetque
1752 3276 1799 3322 A
1833 3273 1852 3340 ΙΙ
1889 3276 1985 3324 163
2022 3271 2247 3339 peperit
2282 3276 2329 3322 A
2366 3273 2386 3340 ΙΙ

344 3346 443 3394 166
481 3341 754 3410 sacrilego
791 3347 838 3393 A
864 3344 883 3410 ΙΙ
910 3346 1005 3394 167
1046 3341 1209 3409 quasi
1245 3341 1531 3410 nuptiales
1567 3347 1614 3393 A
1645 3345 1653 3411 Ι
1687 3341 1950 3395 chalchas
1987 3348 2030 3394 Ε
2059 3345 2078 3410 ΙΙ
2105 3347 2204 3395 169
2244 3358 2386 3410 pen-

344 3427 476 3465 sans
516 3412 713 3466 domus
752 3414 984 3483 Bentley
1020 3415 1038 3481 Η
1074 3417 1171 3465 170
1211 3413 1428 3466 0111111118
1464 3419 1507 3465 Ε
1545 3415 1563 3482 ΙΙ
1607 3417 1698 3464 171
1732 3413 1942 3466 nutrici
1977 3412 2115 3466 dant
2150 3423 2205 3477 ψ
2239 3414 2247 3481 Ι
2282 3412 2383 3465 sed

341 3481 498 3535 bella
533 3488 577 3534 B
605 3485 623 3550 ΙΙ
650 3488 746 3535 173
788 3483 955 3536 eiecit
992 3483 1104 3536 alio
1141 3489 1183 3535 Ε
1211 3486 1230 3553 ΙΙ
1258 3489 1354 3536 175
1394 3485 1494 3538 del.
1525 3484 1742 3550 Peiper,
1772 3489 1901 3552 post
1927 3488 2025 3535 176
2054 3485 2253 3554 leyitur
2279 3495 2335 3549 ψ
2364 3486 2388 3552 11

342 3557 443 3604 176
479 3553 667 3605 renuit
705 3570 786 3621 sp.
824 3555 906 3608 vel
943 3553 1090 3607 dona
1127 3556 1361 3625 Bentley
1412 3557 1419 3623 Ι
1470 3555 1569 3608 Ρ11.
1610 3553 1768 3607 ducis
1806 3559 1853 3605 A
1906 3555 1925 3622 ss
1958 3559 2074 3624 ’177
2125 3553 2382 3608 ardorem

343 3637 386 3672 s.
428 3639 476 3673 v.
514 3623 738 3674 tantum
774 3623 956 3677 ferens
993 3627 1106 3677 Ast)
