2658 4117
1071 258 1377 313 OEDIPVS

213 408 606 488 iuvenesque
655 405 913 469 senibus
959 406 1170 489 iungit
1216 409 1280 469 et
1325 406 1537 490 gnatis
1584 410 1796 489 patres

209 496 466 559 funesta
512 495 728 578 pestis,
774 516 901 557 una
943 494 1054 557 fax
1098 493 1416 557 thalamos
1463 499 1701 559 cremat
1771 502 1775 507 ’

212 585 496 666 fletuque
543 583 770 647 acerbo
815 583 1040 646 funera
1086 587 1150 646 et
1196 587 1428 666 questu
1474 588 1705 647 carent.

214 674 372 756 quin
417 673 558 755 ipsa
603 672 767 735 tanti
814 672 1112 755 pervicax
1159 673 1370 736 clades
1416 673 1571 736 mali

215 762 479 827 siccavit
527 761 774 842 oculos,
821 760 1118 843 quodque
1163 761 1234 824 in
1279 762 1576 825 extremis
1625 762 1788 826 solet

213 852 457 934 periere
502 850 830 913 lacrimae:
877 853 1093 933 portat
1136 848 1309 913 hunc
1354 871 1543 935 aeger
1587 872 1815 933 parens

215 961 586 1024 supremum
632 940 713 1002 ad
759 939 1002 1022 ignem,
1047 942 1251 1002 mater
1294 938 1468 1002 hunc
1513 961 1730 1003 amens
1778 940 1944 1024 gerit

214 1031 642 1112 properatque
688 1031 761 1090 ut
806 1027 1004 1090 alium
1050 1031 1298 1110 repetat
1343 1028 1413 1090 in
1457 1028 1726 1092 eundem
1772 1049 2020 1113 rogum.

215 1119 375 1201 quin
417 1118 598 1181 luctu
643 1117 713 1178 in
756 1117 898 1199 ipso
944 1117 1155 1180 luctus
1202 1118 1488 1180 exoritur
1531 1138 1735 1180 novus

213 1226 544 1288 novaeque
592 1206 759 1269 circa
801 1205 994 1268 funus
1041 1206 1378 1288 exsequiae
1424 1206 1674 1270 cadunt.

214 1300 355 1359 tum
403 1295 661 1378 propria
706 1295 981 1358 flammis
1028 1315 1297 1377 corpora
1341 1295 1564 1358 alienis
1613 1298 1923 1379 cremant3

218 1385 519 1467 diripitur
563 1383 759 1468 ignis:
805 1384 1020 1447 nullus
1069 1388 1163 1447 est
1209 1384 1459 1447 miseris
1506 1384 1730 1467 pudor.

159 1519 170 1527 -
216 1494 350 1536 non
395 1494 539 1537 ossa
584 1473 817 1535 tumuli
865 1476 1083 1535 sancta
1129 1473 1385 1537 discreti
1431 1476 1683 1558 tegunt:

214 1563 445 1626 arsisse
493 1562 646 1626 satis
695 1565 791 1625 est
826 1597 913 1606 —
950 1583 1096 1644 pars
1145 1566 1342 1643 quota
1387 1562 1457 1624 in
1503 1563 1742 1626 cineres
1790 1560 1965 1625 abit?

220 1652 360 1715 dest
405 1654 573 1713 terra
619 1651 904 1731 tumuIiS,
949 1650 1077 1713 iam
1123 1671 1316 1734 rogos
1365 1651 1561 1714 silvae
1606 1654 1860 1735 negant.

217 1761 352 1803 non
396 1743 565 1821 vota,
610 1760 744 1802 11011
786 1760 887 1803 ars
933 1739 1067 1802 ulla
1114 1743 1440 1822 correptos
1486 1740 1729 1802 levant:

219 1829 455 1892 cadunt
500 1828 850 1909 medentes,
895 1827 1156 1892 morbus
1203 1828 1515 1891 auxilium
1560 1827 1776 1891 trahit.

356 1915 636 1981 Adfusus
684 1917 809 1980 aris
857 1917 1177 2000 supplices
1224 1916 1418 1980 tendo
1465 1938 1692 1981 manus

219 2010 471 2071 matura
516 2025 784 2090 poscens
829 2004 990 2088 fata,
1036 2025 1440 2090 praecurram
1486 2008 1560 2069 ut
1605 2005 1781 2089 prior

218 2095 494 2179 patriam
538 2099 828 2159 ruentem
874 2117 1033 2159 neve
1079 2100 1227 2178 post
1275 2096 1482 2159 omnis
1530 2097 1750 2159 cadam

220 2186 499 2267 fiamque
544 2184 727 2285 regni
769 2183 963 2248 funus
1011 2189 1366 2248 extremum
1414 2185 1556 2248 mei.

221 2295 259 2335 0
307 2295 494 2337 saeva
539 2274 809 2336 nimium
854 2274 1144 2355 numina,
1193 2295 1229 2336 o
1275 2274 1480 2337 fatum
1529 2275 1746 2358 gravei

222 2366 496 2447 negatur
540 2362 654 2424 uni
698 2384 926 2445 nempe
972 2362 1041 2425 in
1085 2362 1210 2425 hoc
1255 2363 1498 2446 populo
1545 2362 1706 2425 mihi

221 2472 393 2515 mors
441 2455 574 2514 tam
622 2452 884 2534 parata?
932 2472 1157 2534 sperne
1202 2452 1381 2514 letali
1427 2474 1622 2514 manu

222 2544 517 2603 contacta
563 2561 786 2623 regna,
829 2540 1049 2621 linque
1094 2541 1416 2622 lacrimas,
1460 2540 1710 2623 funera,

219 2629 481 2692 tabifica
530 2629 688 2692 caeli
734 2629 889 2692 vitia
936 2650 1098 2710 quae
1143 2633 1357 2693 tecum
1404 2629 1651 2693 invehis

218 2718 538 2782 infaustus
583 2718 843 2800 hospes,
890 2718 1161 2802 profuge
1207 2718 1578 2781 iamdudum
1626 2718 1802 2782 ocius
1848 2754 1923 2763 —-

220 2808 324 2870 vel
371 2806 452 2869 ad
498 2810 807 2889 parentes.

692 2911 825 2959 100.
875 2893 1042 2971 Quid
1086 2895 1290 2978 iuvat,
1338 2896 1643 2977 coniunx,
1690 2896 1858 2959 mala

223 3004 489 3068 gravare
537 2984 809 3065 questu?
854 2985 1099 3068 regium
1148 2985 1274 3048 hoc
1317 2985 1530 3068 ipsum
1576 3005 1745 3048 reor:

222 3073 486 3137 adversa
532 3093 785 3156 capere,
830 3094 1084 3155 quoque
1131 3075 1213 3137 sit
1261 3073 1490 3137 dubius
1537 3073 1742 3156 magis

224 3165 430 3226 status
479 3166 541 3225 et
588 3162 869 3226 cadentis
915 3162 1143 3245 imperi
1190 3164 1391 3226 moles
1437 3162 1636 3244 labet,

224 3251 348 3314 hoc
395 3255 562 3315 stare
610 3254 782 3314 certo
830 3251 1107 3334 pressius
1153 3252 1386 3315 fortem
1435 3252 1662 3335 gradu3

2111 261 2239 326 205

2167 512 2235 560 55

2172 956 2239 1003 60

2172 1399 2238 1447 65

2175 1843 2240 1890 70

2179 2287 2243 2335 75

2176 2731 2245 2780 80

2178 3264 2244 3312 85

369 3413 435 3459 57
475 3408 588 3461 ista
624 3411 705 3458 Δτ
730 3410 749 3476 ΙΙ
777 3412 839 3460 61
874 3411 1096 3477 regerat
1132 3412 1177 3459 A
1210 3411 1217 3476 Ι
1249 3408 1436 3462 10011111
1473 3412 1554 3459 Ae
1580 3410 1599 3475 ΙΙ
1626 3412 1693 3460 63
1733 3422 1979 3473 suaeque
2016 3423 2071 3460 ω
2110 3424 2244 3461 corr.

230 3479 312 3531 M.
337 3480 575 3532 Mueller
602 3479 702 3532 Ph.
722 3482 838 3533 267
863 3481 882 3547 ΙΙ
909 3484 978 3532 66
1016 3479 1258 3533 discreta
1289 3484 1371 3531 Δτ
1397 3482 1415 3547 Π
1444 3484 1511 3532 69
1549 3496 1649 3533 om.
1679 3490 1734 3544 ψ
1768 3481 1775 3547 Ι
1809 3479 2096 3546 corruptos
2133 3482 2204 3529 At
2232 3481 2249 3546 ΙΙ

229 3554 298 3601 72
335 3565 659 3618 procui-ram
694 3556 737 3602 Ε
765 3553 783 3619 Η
811 3555 878 3602 73
918 3567 1106 3604 omnes
1144 3556 1189 3603 A
1216 3555 1234 3620 ΙΙ
1261 3558 1327 3603 77
1367 3551 1483 3604 iam
1519 3556 1561 3602 Ε
1596 3552 1602 3619 Ι
1635 3549 1830 3604 loetali
1866 3552 1919 3620 (a
1946 3567 2012 3604 ex
2039 3551 2097 3618 u)
2134 3550 2205 3602 Ε1
2233 3552 2250 3618 ΙΙ
2331 3601 2338 3606 .

228 3625 294 3671 78
335 3623 555 3689 sceptra
592 3623 822 3691 Bentley
849 3624 868 3690 ΙΙ
897 3626 963 3674 83
1003 3623 1077 3676 sit
1114 3640 1212 3677 om.
1252 3629 1334 3674 Δτ
1360 3625 1378 3691 Η
1408 3627 1472 3674 85
1513 3622 1752 3692 8101111111
1787 3628 1829 3674 Ε
