<?xml version="1.0" encoding="UTF-8"?>
<!DOCTYPE html PUBLIC "-//W3C//DTD XHTML 1.0 Transitional//EN"
    "http://www.w3.org/TR/xhtml1/DTD/xhtml1-transitional.dtd">
<html xmlns="http://www.w3.org/1999/xhtml" xml:lang="en" lang="en">
 <head>
  <title>
</title>
<meta http-equiv="Content-Type" content="text/html;charset=utf-8" />
  <meta name='ocr-system' content='tesseract 3.04.00' />
  <meta name='ocr-capabilities' content='ocr_page ocr_carea ocr_par ocr_line ocrx_word'/>
</head>
<body>
  <div class='ocr_page' id='page_1' title='image "./senecaetragoedi00senegoog_0096.png"; bbox 0 0 2658 4117; ppageno 0'>
   <div class='ocr_carea' id='block_1_1' title="bbox 406 226 1789 290">
    <p class='ocr_par' dir='ltr' id='par_1_1' title="bbox 406 226 1789 290">
     <span class='ocr_line' id='line_1_1' title="bbox 406 226 1789 290; baseline 0.003 -11"><span class='ocrx_word' id='word_1_1' title='bbox 406 229 492 290; x_wconf 82' lang='grc'>44</span> <span class='ocrx_word' id='word_1_2' title='bbox 1053 226 1110 283; x_wconf 89' lang='lat' dir='ltr'>L.</span> <span class='ocrx_word' id='word_1_3' title='bbox 1141 229 1424 282; x_wconf 88' lang='lat' dir='ltr'>ANNAEI</span> <span class='ocrx_word' id='word_1_4' title='bbox 1463 228 1789 283; x_wconf 83' lang='lat' dir='ltr'>SENECAE</span> 
     </span>
    </p>
   </div>
   <div class='ocr_carea' id='block_1_2' title="bbox 394 368 2435 3041">
    <p class='ocr_par' dir='ltr' id='par_1_2' title="bbox 407 368 1825 458">
     <span class='ocr_line' id='line_1_2' title="bbox 407 368 1825 458; baseline 0.001 -21"><span class='ocrx_word' id='word_1_5' title='bbox 407 374 565 438; x_wconf 86' lang='lat' dir='ltr'>actis</span> <span class='ocrx_word' id='word_1_6' title='bbox 611 374 934 456; x_wconf 85' lang='lat' dir='ltr'>utrimque</span> <span class='ocrx_word' id='word_1_7' title='bbox 979 375 1248 458; x_wconf 85' lang='lat' dir='ltr'>rupibus</span> <span class='ocrx_word' id='word_1_8' title='bbox 1294 368 1576 439; x_wconf 87' lang='lat' dir='ltr'>medium</span> <span class='ocrx_word' id='word_1_9' title='bbox 1626 398 1825 458; x_wconf 82' lang='lat' dir='ltr'>mare,</span> 
     </span>
    </p>

    <p class='ocr_par' dir='ltr' id='par_1_3' title="bbox 405 464 2435 727">
     <span class='ocr_line' id='line_1_3' title="bbox 406 464 2435 548; baseline 0.002 -22"><span class='ocrx_word' id='word_1_10' title='bbox 406 485 526 548; x_wconf 88' lang='lat' dir='ltr'>ego</span> <span class='ocrx_word' id='word_1_11' title='bbox 575 464 863 546; x_wconf 87' lang='lat' dir='ltr'>inquieta</span> <span class='ocrx_word' id='word_1_12' title='bbox 907 464 1226 527; x_wconf 89' lang='lat' dir='ltr'>montium</span> <span class='ocrx_word' id='word_1_13' title='bbox 1274 465 1515 529; x_wconf 86' lang='lat' dir='ltr'>iaceam</span> <span class='ocrx_word' id='word_1_14' title='bbox 1562 486 1757 528; x_wconf 88' lang='lat' dir='ltr'>mora.</span> <span class='ocrx_word' id='word_1_15' title='bbox 2292 483 2435 532; x_wconf 83' lang='lat'>1215</span> 
     </span>
     <span class='ocr_line' id='line_1_4' title="bbox 407 552 2280 641; baseline 0.002 -26"><span class='ocrx_word' id='word_1_16' title='bbox 407 552 564 634; x_wconf 93' lang='lat' dir='ltr'>quin</span> <span class='ocrx_word' id='word_1_17' title='bbox 610 556 924 615; x_wconf 89' lang='lat' dir='ltr'>structum</span> <span class='ocrx_word' id='word_1_18' title='bbox 973 574 1274 617; x_wconf 79' lang='lat' dir='ltr'>acervans</span> <span class='ocrx_word' id='word_1_19' title='bbox 1321 575 1580 617; x_wconf 89' lang='lat' dir='ltr'>nemore</span> <span class='ocrx_word' id='word_1_20' title='bbox 1628 559 1933 640; x_wconf 91' lang='lat' dir='ltr'>congesto</span> <span class='ocrx_word' id='word_1_21' title='bbox 1983 577 2280 641; x_wconf 82' lang='lat' dir='ltr'>aggerem</span> 
     </span>
     <span class='ocr_line' id='line_1_5' title="bbox 405 642 1803 727; baseline 0.001 -23"><span class='ocrx_word' id='word_1_22' title='bbox 405 663 627 704; x_wconf 86' lang='lat' dir='ltr'>cruore</span> <span class='ocrx_word' id='word_1_23' title='bbox 676 662 907 727; x_wconf 89' lang='lat' dir='ltr'>corpus</span> <span class='ocrx_word' id='word_1_24' title='bbox 955 642 1156 725; x_wconf 90' lang='lat' dir='ltr'>impio</span> <span class='ocrx_word' id='word_1_25' title='bbox 1204 665 1495 725; x_wconf 89' lang='lat' dir='ltr'>sparsum</span> <span class='ocrx_word' id='word_1_26' title='bbox 1546 643 1803 707; x_wconf 79' lang='lat' dir='ltr'>cremo?</span> 
     </span>
    </p>

    <p class='ocr_par' dir='ltr' id='par_1_4' title="bbox 403 729 2434 1080">
     <span class='ocr_line' id='line_1_6' title="bbox 404 729 2175 815; baseline 0.002 -22"><span class='ocrx_word' id='word_1_27' title='bbox 404 731 520 811; x_wconf 81' lang='lat' dir='ltr'>sic,</span> <span class='ocrx_word' id='word_1_28' title='bbox 568 730 660 793; x_wconf 88' lang='lat' dir='ltr'>sic</span> <span class='ocrx_word' id='word_1_29' title='bbox 705 729 1023 815; x_wconf 86' lang='lat' dir='ltr'>agendum</span> <span class='ocrx_word' id='word_1_30' title='bbox 1071 735 1192 794; x_wconf 89' lang='lat' dir='ltr'>est:</span> <span class='ocrx_word' id='word_1_31' title='bbox 1241 732 1462 795; x_wconf 77' lang='lat' dir='ltr'>inferis</span> <span class='ocrx_word' id='word_1_32' title='bbox 1507 731 1767 795; x_wconf 84' lang='lat' dir='ltr'>reddam</span> <span class='ocrx_word' id='word_1_33' title='bbox 1814 731 2175 797; x_wconf 81' lang='lat' dir='ltr'>Herculem.</span> 
     </span>
     <span class='ocr_line' id='line_1_7' title="bbox 403 817 2160 903; baseline 0.003 -23"><span class='ocrx_word' id='word_1_34' title='bbox 403 836 613 881; x_wconf 83' lang='grc' dir='ltr'><strong>ΑΜΡΗ.</strong></span> <span class='ocrx_word' id='word_1_35' title='bbox 660 817 966 882; x_wconf 89' lang='lat' dir='ltr'>Nondum</span> <span class='ocrx_word' id='word_1_36' title='bbox 1012 821 1297 885; x_wconf 89' lang='lat' dir='ltr'>tumultu</span> <span class='ocrx_word' id='word_1_37' title='bbox 1344 824 1569 903; x_wconf 91' lang='lat' dir='ltr'>pectus</span> <span class='ocrx_word' id='word_1_38' title='bbox 1617 822 1892 885; x_wconf 88' lang='lat' dir='ltr'>attonito</span> <span class='ocrx_word' id='word_1_39' title='bbox 1942 844 2160 886; x_wconf 88' lang='lat' dir='ltr'>carens</span> 
     </span>
     <span class='ocr_line' id='line_1_8' title="bbox 403 907 2434 993; baseline 0.003 -23"><span class='ocrx_word' id='word_1_40' title='bbox 403 907 678 971; x_wconf 87' lang='lat' dir='ltr'>mutavit</span> <span class='ocrx_word' id='word_1_41' title='bbox 725 908 849 971; x_wconf 88' lang='lat' dir='ltr'>iras</span> <span class='ocrx_word' id='word_1_42' title='bbox 899 909 1197 992; x_wconf 79' lang='lat' dir='ltr'>quodque</span> <span class='ocrx_word' id='word_1_43' title='bbox 1245 909 1441 973; x_wconf 89' lang='lat' dir='ltr'>habet</span> <span class='ocrx_word' id='word_1_44' title='bbox 1486 910 1818 993; x_wconf 90' lang='lat' dir='ltr'>proprium</span> <span class='ocrx_word' id='word_1_45' title='bbox 1864 912 2060 993; x_wconf 81' lang='lat' dir='ltr'>furor,</span> <span class='ocrx_word' id='word_1_46' title='bbox 2292 928 2434 976; x_wconf 91' lang='grc'><strong>1220</strong></span> 
     </span>
     <span class='ocr_line' id='line_1_9' title="bbox 404 996 2108 1080; baseline 0.002 -21"><span class='ocrx_word' id='word_1_47' title='bbox 404 997 470 1059; x_wconf 82' lang='grc'>111</span> <span class='ocrx_word' id='word_1_48' title='bbox 517 1018 584 1059; x_wconf 89' lang='lat' dir='ltr'>se</span> <span class='ocrx_word' id='word_1_49' title='bbox 633 996 769 1080; x_wconf 90' lang='lat' dir='ltr'>ipse</span> <span class='ocrx_word' id='word_1_50' title='bbox 817 998 1035 1061; x_wconf 84' lang='lat' dir='ltr'>saevit.</span> <span class='ocrx_word' id='word_1_51' title='bbox 1128 1016 1329 1061; x_wconf 81' lang='lat' dir='ltr'>HERC.</span> <span class='ocrx_word' id='word_1_52' title='bbox 1378 998 1536 1062; x_wconf 87' lang='lat' dir='ltr'>Dira</span> <span class='ocrx_word' id='word_1_53' title='bbox 1581 997 1918 1063; x_wconf 84' lang='lat' dir='ltr'>Furiarum</span> <span class='ocrx_word' id='word_1_54' title='bbox 1964 1001 2108 1064; x_wconf 88' lang='lat' dir='ltr'>loca</span> 
     </span>
    </p>

    <p class='ocr_par' dir='ltr' id='par_1_5' title="bbox 401 1086 1691 1173">
     <span class='ocr_line' id='line_1_10' title="bbox 401 1086 1691 1173; baseline 0.002 -25"><span class='ocrx_word' id='word_1_55' title='bbox 401 1089 466 1148; x_wconf 92' lang='lat' dir='ltr'>et</span> <span class='ocrx_word' id='word_1_56' title='bbox 511 1086 860 1149; x_wconf 82' lang='lat' dir='ltr'>inferorum</span> <span class='ocrx_word' id='word_1_57' title='bbox 911 1107 1124 1151; x_wconf 88' lang='lat' dir='ltr'>carcer</span> <span class='ocrx_word' id='word_1_58' title='bbox 1168 1091 1234 1150; x_wconf 88' lang='lat' dir='ltr'>et</span> <span class='ocrx_word' id='word_1_59' title='bbox 1279 1088 1453 1151; x_wconf 92' lang='lat' dir='ltr'>sonti</span> <span class='ocrx_word' id='word_1_60' title='bbox 1496 1088 1691 1173; x_wconf 85' lang='lat' dir='ltr'>plaga</span> 
     </span>
    </p>

    <p class='ocr_par' dir='ltr' id='par_1_6' title="bbox 402 1174 1896 1265">
     <span class='ocr_line' id='line_1_11' title="bbox 402 1174 1896 1265; baseline 0.003 -28"><span class='ocrx_word' id='word_1_61' title='bbox 402 1174 655 1265; x_wconf 74' lang='lat' dir='ltr'>decreta</span> <span class='ocrx_word' id='word_1_62' title='bbox 698 1175 923 1238; x_wconf 85' lang='lat' dir='ltr'>turbae</span> <span class='ocrx_word' id='word_1_63' title='bbox 973 1215 1054 1221; x_wconf 91' lang='lat'><strong>—</strong></span> <span class='ocrx_word' id='word_1_64' title='bbox 1105 1177 1160 1239; x_wconf 92' lang='lat' dir='ltr'>si</span> <span class='ocrx_word' id='word_1_65' title='bbox 1207 1176 1380 1259; x_wconf 91' lang='lat' dir='ltr'>quod</span> <span class='ocrx_word' id='word_1_66' title='bbox 1426 1177 1691 1240; x_wconf 86' lang='lat' dir='ltr'>exilium</span> <span class='ocrx_word' id='word_1_67' title='bbox 1737 1178 1896 1241; x_wconf 89' lang='lat' dir='ltr'>latet</span> 
     </span>
    </p>

    <p class='ocr_par' dir='ltr' id='par_1_7' title="bbox 400 1262 1972 1350">
     <span class='ocr_line' id='line_1_12' title="bbox 400 1262 1972 1350; baseline 0.003 -25"><span class='ocrx_word' id='word_1_68' title='bbox 400 1263 670 1326; x_wconf 90' lang='lat' dir='ltr'>ulterius</span> <span class='ocrx_word' id='word_1_69' title='bbox 716 1263 958 1346; x_wconf 83' lang='lat' dir='ltr'>Erebo,</span> <span class='ocrx_word' id='word_1_70' title='bbox 1005 1262 1280 1328; x_wconf 88' lang='lat' dir='ltr'>Cerbero</span> <span class='ocrx_word' id='word_1_71' title='bbox 1331 1266 1625 1350; x_wconf 86' lang='lat' dir='ltr'>ignotum</span> <span class='ocrx_word' id='word_1_72' title='bbox 1674 1270 1740 1329; x_wconf 88' lang='lat' dir='ltr'>et</span> <span class='ocrx_word' id='word_1_73' title='bbox 1784 1267 1972 1329; x_wconf 91' lang='lat' dir='ltr'>mihi:</span> 
     </span>
    </p>

    <p class='ocr_par' dir='ltr' id='par_1_8' title="bbox 400 1352 2425 1526">
     <span class='ocr_line' id='line_1_13' title="bbox 400 1352 2425 1438; baseline 0.003 -24"><span class='ocrx_word' id='word_1_74' title='bbox 400 1352 525 1415; x_wconf 92' lang='lat' dir='ltr'>hoc</span> <span class='ocrx_word' id='word_1_75' title='bbox 571 1374 673 1415; x_wconf 92' lang='lat' dir='ltr'>me</span> <span class='ocrx_word' id='word_1_76' title='bbox 721 1353 908 1435; x_wconf 82' lang='lat' dir='ltr'>abde,</span> <span class='ocrx_word' id='word_1_77' title='bbox 954 1355 1173 1438; x_wconf 83' lang='lat' dir='ltr'>tellus3</span> <span class='ocrx_word' id='word_1_78' title='bbox 1219 1353 1471 1418; x_wconf 76' lang='lat' dir='ltr'>Tartari</span> <span class='ocrx_word' id='word_1_79' title='bbox 1517 1354 1597 1417; x_wconf 91' lang='lat' dir='ltr'>ad</span> <span class='ocrx_word' id='word_1_80' title='bbox 1642 1355 1837 1418; x_wconf 87' lang='lat' dir='ltr'>finem</span> <span class='ocrx_word' id='word_1_81' title='bbox 1883 1356 2184 1419; x_wconf 90' lang='lat' dir='ltr'>ultimum</span> <span class='ocrx_word' id='word_1_82' title='bbox 2286 1373 2425 1421; x_wconf 86' lang='grc'><strong>1225</strong></span> 
     </span>
     <span class='ocr_line' id='line_1_14' title="bbox 400 1442 2042 1526; baseline 0.002 -23"><span class='ocrx_word' id='word_1_83' title='bbox 400 1463 737 1504; x_wconf 89' lang='lat' dir='ltr'>mansurus</span> <span class='ocrx_word' id='word_1_84' title='bbox 783 1442 909 1505; x_wconf 95' lang='grc'><strong>1110.</strong></span> <span class='ocrx_word' id='word_1_85' title='bbox 1001 1447 1225 1526; x_wconf 86' lang='lat' dir='ltr'>pectus</span> <span class='ocrx_word' id='word_1_86' title='bbox 1274 1465 1311 1506; x_wconf 95' lang='grc'>0</span> <span class='ocrx_word' id='word_1_87' title='bbox 1359 1444 1631 1507; x_wconf 83' lang='lat' dir='ltr'>nimium</span> <span class='ocrx_word' id='word_1_88' title='bbox 1679 1445 1910 1507; x_wconf 86' lang='lat' dir='ltr'>ferum!</span> <span class='ocrx_word' id='word_1_89' title='bbox 1960 1482 2042 1489; x_wconf 92' lang='lat'>—</span> 
     </span>
    </p>

    <p class='ocr_par' dir='ltr' id='par_1_9' title="bbox 402 1531 2061 1615">
     <span class='ocr_line' id='line_1_15' title="bbox 402 1531 2061 1615; baseline 0.002 -22"><span class='ocrx_word' id='word_1_90' title='bbox 402 1531 545 1613; x_wconf 91' lang='lat' dir='ltr'>quis</span> <span class='ocrx_word' id='word_1_91' title='bbox 591 1552 706 1593; x_wconf 88' lang='lat' dir='ltr'>vos</span> <span class='ocrx_word' id='word_1_92' title='bbox 753 1553 868 1614; x_wconf 88' lang='lat' dir='ltr'>per</span> <span class='ocrx_word' id='word_1_93' title='bbox 914 1553 1195 1614; x_wconf 88' lang='lat' dir='ltr'>omnem,</span> <span class='ocrx_word' id='word_1_94' title='bbox 1241 1533 1455 1614; x_wconf 84' lang='lat' dir='ltr'>liberi,</span> <span class='ocrx_word' id='word_1_95' title='bbox 1504 1554 1757 1615; x_wconf 91' lang='lat' dir='ltr'>sparsos</span> <span class='ocrx_word' id='word_1_96' title='bbox 1805 1533 2061 1596; x_wconf 89' lang='lat' dir='ltr'>domum</span> 
     </span>
    </p>

    <p class='ocr_par' dir='ltr' id='par_1_10' title="bbox 401 1619 1830 1705">
     <span class='ocr_line' id='line_1_16' title="bbox 401 1619 1830 1705; baseline 0.002 -23"><span class='ocrx_word' id='word_1_97' title='bbox 401 1619 631 1683; x_wconf 86' lang='lat' dir='ltr'>deflere</span> <span class='ocrx_word' id='word_1_98' title='bbox 680 1620 870 1705; x_wconf 89' lang='lat' dir='ltr'>digne</span> <span class='ocrx_word' id='word_1_99' title='bbox 917 1621 1199 1703; x_wconf 75' lang='lat' dir='ltr'>poterit?</span> <span class='ocrx_word' id='word_1_100' title='bbox 1244 1622 1353 1685; x_wconf 90' lang='lat' dir='ltr'>hic</span> <span class='ocrx_word' id='word_1_101' title='bbox 1401 1621 1596 1685; x_wconf 89' lang='lat' dir='ltr'>durus</span> <span class='ocrx_word' id='word_1_102' title='bbox 1643 1623 1830 1685; x_wconf 87' lang='lat' dir='ltr'>malis</span> 
     </span>
    </p>

    <p class='ocr_par' dir='ltr' id='par_1_11' title="bbox 398 1709 1965 1794">
     <span class='ocr_line' id='line_1_17' title="bbox 398 1709 1965 1794; baseline 0.002 -22"><span class='ocrx_word' id='word_1_103' title='bbox 398 1709 731 1772; x_wconf 81' lang='lat' dir='ltr'>lacrimare</span> <span class='ocrx_word' id='word_1_104' title='bbox 777 1709 994 1773; x_wconf 87' lang='lat' dir='ltr'>vultus</span> <span class='ocrx_word' id='word_1_105' title='bbox 1041 1710 1261 1774; x_wconf 89' lang='lat' dir='ltr'>nescit.</span> <span class='ocrx_word' id='word_1_106' title='bbox 1354 1711 1481 1775; x_wconf 91' lang='lat' dir='ltr'>huc</span> <span class='ocrx_word' id='word_1_107' title='bbox 1527 1733 1745 1776; x_wconf 90' lang='lat' dir='ltr'>arcum</span> <span class='ocrx_word' id='word_1_108' title='bbox 1793 1710 1965 1794; x_wconf 85' lang='lat' dir='ltr'>date,</span> 
     </span>
    </p>

    <p class='ocr_par' dir='ltr' id='par_1_12' title="bbox 396 1797 2428 2064">
     <span class='ocr_line' id='line_1_18' title="bbox 398 1797 2428 1883; baseline 0.002 -23"><span class='ocrx_word' id='word_1_109' title='bbox 398 1797 542 1861; x_wconf 88' lang='lat' dir='ltr'>date</span> <span class='ocrx_word' id='word_1_110' title='bbox 588 1797 718 1861; x_wconf 90' lang='lat' dir='ltr'>huc</span> <span class='ocrx_word' id='word_1_111' title='bbox 764 1798 1031 1883; x_wconf 88' lang='lat' dir='ltr'>sagittas</span> <span class='ocrx_word' id='word_1_112' title='bbox 1041 1849 1060 1882; x_wconf 66' lang='lat'><em>7</em></span> <span class='ocrx_word' id='word_1_113' title='bbox 1105 1799 1391 1883; x_wconf 74' lang='lat' dir='ltr'>stipitem</span> <span class='ocrx_word' id='word_1_114' title='bbox 1437 1800 1566 1863; x_wconf 90' lang='lat' dir='ltr'>huc</span> <span class='ocrx_word' id='word_1_115' title='bbox 1613 1804 1865 1863; x_wconf 87' lang='lat' dir='ltr'>vastum</span> <span class='ocrx_word' id='word_1_116' title='bbox 1913 1800 2073 1864; x_wconf 87' lang='lat' dir='ltr'>date.</span> <span class='ocrx_word' id='word_1_117' title='bbox 2288 1817 2428 1866; x_wconf 84' lang='grc'><strong>1230</strong></span> 
     </span>
     <span class='ocr_line' id='line_1_19' title="bbox 397 1886 2036 1973; baseline 0.002 -23"><span class='ocrx_word' id='word_1_118' title='bbox 397 1886 519 1950; x_wconf 88' lang='lat' dir='ltr'>tibi</span> <span class='ocrx_word' id='word_1_119' title='bbox 564 1888 693 1950; x_wconf 88' lang='lat' dir='ltr'>tela</span> <span class='ocrx_word' id='word_1_120' title='bbox 736 1888 1030 1972; x_wconf 80' lang='lat' dir='ltr'>frangam</span> <span class='ocrx_word' id='word_1_121' title='bbox 1077 1892 1322 1972; x_wconf 85' lang='lat' dir='ltr'>nostra,</span> <span class='ocrx_word' id='word_1_122' title='bbox 1369 1889 1490 1952; x_wconf 88' lang='lat' dir='ltr'>tibi</span> <span class='ocrx_word' id='word_1_123' title='bbox 1534 1894 1814 1972; x_wconf 84' lang='lat' dir='ltr'>nostros,</span> <span class='ocrx_word' id='word_1_124' title='bbox 1860 1912 2036 1973; x_wconf 83' lang='lat' dir='ltr'>puer,</span> 
     </span>
     <span class='ocr_line' id='line_1_20' title="bbox 396 1978 1818 2064; baseline 0.004 -27"><span class='ocrx_word' id='word_1_125' title='bbox 396 1997 766 2057; x_wconf 83' lang='lat' dir='ltr'>rumpemus</span> <span class='ocrx_word' id='word_1_126' title='bbox 815 1999 1024 2061; x_wconf 81' lang='lat' dir='ltr'>arcus3</span> <span class='ocrx_word' id='word_1_127' title='bbox 1072 1981 1139 2040; x_wconf 88' lang='lat' dir='ltr'>at</span> <span class='ocrx_word' id='word_1_128' title='bbox 1184 1979 1312 2041; x_wconf 90' lang='lat' dir='ltr'>tuis</span> <span class='ocrx_word' id='word_1_129' title='bbox 1362 1979 1559 2062; x_wconf 90' lang='lat' dir='ltr'>stipes</span> <span class='ocrx_word' id='word_1_130' title='bbox 1606 1978 1818 2064; x_wconf 84' lang='lat' dir='ltr'>gravis</span> 
     </span>
    </p>

    <p class='ocr_par' dir='ltr' id='par_1_13' title="bbox 398 2064 1841 2151">
     <span class='ocr_line' id='line_1_21' title="bbox 398 2064 1841 2151; baseline 0.002 -23"><span class='ocrx_word' id='word_1_131' title='bbox 398 2064 646 2128; x_wconf 87' lang='lat' dir='ltr'>ardebit</span> <span class='ocrx_word' id='word_1_132' title='bbox 690 2066 960 2150; x_wconf 83' lang='lat' dir='ltr'>umbris3</span> <span class='ocrx_word' id='word_1_133' title='bbox 1008 2067 1149 2149; x_wconf 88' lang='lat' dir='ltr'>ipsa</span> <span class='ocrx_word' id='word_1_134' title='bbox 1194 2066 1494 2132; x_wconf 86' lang='lat' dir='ltr'>Lernaeis</span> <span class='ocrx_word' id='word_1_135' title='bbox 1541 2069 1841 2151; x_wconf 83' lang='lat' dir='ltr'>frequens</span> 
     </span>
    </p>

    <p class='ocr_par' dir='ltr' id='par_1_14' title="bbox 397 2153 1628 2242">
     <span class='ocr_line' id='line_1_22' title="bbox 397 2153 1628 2242; baseline 0.004 -26"><span class='ocrx_word' id='word_1_136' title='bbox 397 2153 696 2236; x_wconf 88' lang='lat' dir='ltr'>pharetra</span> <span class='ocrx_word' id='word_1_137' title='bbox 741 2155 885 2218; x_wconf 92' lang='lat' dir='ltr'>telis</span> <span class='ocrx_word' id='word_1_138' title='bbox 909 2159 912 2162; x_wconf 81' lang='grc'><strong>’</strong></span> <span class='ocrx_word' id='word_1_139' title='bbox 934 2156 1001 2218; x_wconf 86' lang='grc'>111</span> <span class='ocrx_word' id='word_1_140' title='bbox 1047 2159 1193 2219; x_wconf 90' lang='lat' dir='ltr'>tuos</span> <span class='ocrx_word' id='word_1_141' title='bbox 1241 2157 1364 2220; x_wconf 89' lang='lat' dir='ltr'>ibit</span> <span class='ocrx_word' id='word_1_142' title='bbox 1408 2178 1628 2242; x_wconf 90' lang='lat' dir='ltr'>rogos:</span> 
     </span>
    </p>

    <p class='ocr_par' dir='ltr' id='par_1_15' title="bbox 397 2242 2426 2414">
     <span class='ocr_line' id='line_1_23' title="bbox 397 2242 2426 2329; baseline 0.003 -25"><span class='ocrx_word' id='word_1_143' title='bbox 397 2242 550 2305; x_wconf 89' lang='lat' dir='ltr'>dent</span> <span class='ocrx_word' id='word_1_144' title='bbox 595 2265 771 2306; x_wconf 86' lang='lat' dir='ltr'>arma</span> <span class='ocrx_word' id='word_1_145' title='bbox 816 2265 1072 2326; x_wconf 78' lang='lat' dir='ltr'>poenas,</span> <span class='ocrx_word' id='word_1_146' title='bbox 1163 2266 1278 2308; x_wconf 88' lang='lat' dir='ltr'>vos</span> <span class='ocrx_word' id='word_1_147' title='bbox 1326 2266 1582 2329; x_wconf 91' lang='lat' dir='ltr'>quoque</span> <span class='ocrx_word' id='word_1_148' title='bbox 1629 2247 1941 2309; x_wconf 78' lang='lat' dir='ltr'>infaustas</span> <span class='ocrx_word' id='word_1_149' title='bbox 1989 2246 2147 2309; x_wconf 91' lang='lat' dir='ltr'>meis</span> <span class='ocrx_word' id='word_1_150' title='bbox 2283 2263 2426 2312; x_wconf 79' lang='lat'><strong>1235</strong></span> 
     </span>
     <span class='ocr_line' id='line_1_24' title="bbox 398 2332 1706 2414; baseline 0.004 -21"><span class='ocrx_word' id='word_1_151' title='bbox 398 2332 693 2394; x_wconf 89' lang='lat' dir='ltr'>cremabo</span> <span class='ocrx_word' id='word_1_152' title='bbox 741 2333 914 2414; x_wconf 88' lang='lat' dir='ltr'>telis,</span> <span class='ocrx_word' id='word_1_153' title='bbox 962 2354 999 2395; x_wconf 95' lang='grc'><strong>0</strong></span> <span class='ocrx_word' id='word_1_154' title='bbox 1047 2336 1415 2398; x_wconf 86' lang='lat' dir='ltr'>novercales</span> <span class='ocrx_word' id='word_1_155' title='bbox 1463 2357 1706 2398; x_wconf 82' lang='lat' dir='ltr'>manus,</span> 
     </span>
    </p>

    <p class='ocr_par' dir='ltr' id='par_1_16' title="bbox 394 2417 2423 2866">
     <span class='ocr_line' id='line_1_25' title="bbox 394 2417 2292 2505; baseline 0.004 -24"><span class='ocrx_word' id='word_1_156' title='bbox 394 2437 607 2483; x_wconf 81' lang='grc' dir='ltr'><strong>ΑΜΡΗ.</strong></span> <span class='ocrx_word' id='word_1_157' title='bbox 655 2417 809 2494; x_wconf 86' lang='lat' dir='ltr'>Quis</span> <span class='ocrx_word' id='word_1_158' title='bbox 856 2442 1092 2485; x_wconf 91' lang='lat' dir='ltr'>nomen</span> <span class='ocrx_word' id='word_1_159' title='bbox 1136 2445 1411 2505; x_wconf 85' lang='lat' dir='ltr'>usquam</span> <span class='ocrx_word' id='word_1_160' title='bbox 1458 2425 1713 2488; x_wconf 90' lang='lat' dir='ltr'>sceleris</span> <span class='ocrx_word' id='word_1_161' title='bbox 1760 2424 1959 2488; x_wconf 90' lang='lat' dir='ltr'>errori</span> <span class='ocrx_word' id='word_1_162' title='bbox 2005 2423 2292 2488; x_wconf 75' lang='lat' dir='ltr'>addidit?</span> 
     </span>
     <span class='ocr_line' id='line_1_26' title="bbox 399 2506 2261 2597; baseline 0.003 -26"><span class='ocrx_word' id='word_1_163' title='bbox 399 2526 601 2573; x_wconf 80' lang='lat' dir='ltr'><strong>HERC.</strong></span> <span class='ocrx_word' id='word_1_164' title='bbox 650 2506 854 2592; x_wconf 88' lang='lat' dir='ltr'>Saepe</span> <span class='ocrx_word' id='word_1_165' title='bbox 901 2532 1076 2574; x_wconf 86' lang='lat' dir='ltr'>error</span> <span class='ocrx_word' id='word_1_166' title='bbox 1121 2512 1349 2597; x_wconf 90' lang='lat' dir='ltr'>ingens</span> <span class='ocrx_word' id='word_1_167' title='bbox 1397 2514 1652 2577; x_wconf 89' lang='lat' dir='ltr'>sceleris</span> <span class='ocrx_word' id='word_1_168' title='bbox 1700 2513 1982 2576; x_wconf 86' lang='lat' dir='ltr'>obtinuit</span> <span class='ocrx_word' id='word_1_169' title='bbox 2025 2514 2261 2577; x_wconf 93' lang='lat' dir='ltr'>locum.</span> 
     </span>
     <span class='ocr_line' id='line_1_27' title="bbox 394 2595 2423 2685; baseline 0.003 -25"><span class='ocrx_word' id='word_1_170' title='bbox 394 2616 605 2661; x_wconf 81' lang='lat' dir='ltr'>AMPH.</span> <span class='ocrx_word' id='word_1_171' title='bbox 644 2595 836 2663; x_wconf 91' lang='lat' dir='ltr'>Nunc</span> <span class='ocrx_word' id='word_1_172' title='bbox 863 2598 1142 2664; x_wconf 89' lang='lat' dir='ltr'>Hercule</span> <span class='ocrx_word' id='word_1_173' title='bbox 1182 2623 1344 2683; x_wconf 90' lang='lat' dir='ltr'>opus</span> <span class='ocrx_word' id='word_1_174' title='bbox 1382 2606 1503 2665; x_wconf 88' lang='lat' dir='ltr'>est:</span> <span class='ocrx_word' id='word_1_175' title='bbox 1542 2603 1754 2685; x_wconf 88' lang='lat' dir='ltr'>perfer</span> <span class='ocrx_word' id='word_1_176' title='bbox 1779 2601 1946 2665; x_wconf 91' lang='lat' dir='ltr'>hanc</span> <span class='ocrx_word' id='word_1_177' title='bbox 1973 2603 2209 2666; x_wconf 91' lang='lat' dir='ltr'>molem</span> <span class='ocrx_word' id='word_1_178' title='bbox 2248 2604 2423 2666; x_wconf 86' lang='lat' dir='ltr'>mali.</span> 
     </span>
     <span class='ocr_line' id='line_1_28' title="bbox 397 2684 2420 2774; baseline 0.003 -25"><span class='ocrx_word' id='word_1_179' title='bbox 397 2705 597 2751; x_wconf 76' lang='lat' dir='ltr'><strong>HERC.</strong></span> <span class='ocrx_word' id='word_1_180' title='bbox 643 2684 796 2751; x_wconf 90' lang='lat' dir='ltr'>Non</span> <span class='ocrx_word' id='word_1_181' title='bbox 842 2689 934 2752; x_wconf 88' lang='lat' dir='ltr'>sic</span> <span class='ocrx_word' id='word_1_182' title='bbox 977 2689 1193 2753; x_wconf 82' lang='lat' dir='ltr'>furore</span> <span class='ocrx_word' id='word_1_183' title='bbox 1241 2691 1432 2754; x_wconf 88' lang='lat' dir='ltr'>cessit</span> <span class='ocrx_word' id='word_1_184' title='bbox 1478 2692 1799 2756; x_wconf 85' lang='lat' dir='ltr'>extinctus</span> <span class='ocrx_word' id='word_1_185' title='bbox 1846 2691 2072 2774; x_wconf 83' lang='lat' dir='ltr'>pudor,</span> <span class='ocrx_word' id='word_1_186' title='bbox 2282 2708 2420 2756; x_wconf 83' lang='grc'><strong>1240</strong></span> 
     </span>
     <span class='ocr_line' id='line_1_29' title="bbox 394 2777 1894 2866; baseline 0.004 -28"><span class='ocrx_word' id='word_1_187' title='bbox 394 2777 669 2859; x_wconf 89' lang='lat' dir='ltr'>populos</span> <span class='ocrx_word' id='word_1_188' title='bbox 714 2782 789 2841; x_wconf 92' lang='lat' dir='ltr'>ut</span> <span class='ocrx_word' id='word_1_189' title='bbox 836 2800 1054 2842; x_wconf 90' lang='lat' dir='ltr'>omnes</span> <span class='ocrx_word' id='word_1_190' title='bbox 1103 2779 1301 2862; x_wconf 90' lang='lat' dir='ltr'>impio</span> <span class='ocrx_word' id='word_1_191' title='bbox 1350 2785 1612 2863; x_wconf 86' lang='lat' dir='ltr'>aspectu</span> <span class='ocrx_word' id='word_1_192' title='bbox 1657 2780 1894 2866; x_wconf 74' lang='lat' dir='ltr'>fugem.</span> 
     </span>
    </p>

    <p class='ocr_par' dir='ltr' id='par_1_17' title="bbox 396 2866 1964 2953">
     <span class='ocr_line' id='line_1_30' title="bbox 396 2866 1964 2953; baseline 0.004 -26"><span class='ocrx_word' id='word_1_193' title='bbox 396 2888 597 2948; x_wconf 84' lang='lat' dir='ltr'>arma,</span> <span class='ocrx_word' id='word_1_194' title='bbox 645 2888 845 2950; x_wconf 79' lang='lat' dir='ltr'>arma,</span> <span class='ocrx_word' id='word_1_195' title='bbox 893 2866 1170 2950; x_wconf 82' lang='lat' dir='ltr'>Theseu,</span> <span class='ocrx_word' id='word_1_196' title='bbox 1215 2868 1440 2953; x_wconf 88' lang='lat' dir='ltr'>flagito</span> <span class='ocrx_word' id='word_1_197' title='bbox 1486 2891 1756 2952; x_wconf 90' lang='lat' dir='ltr'>propere</span> <span class='ocrx_word' id='word_1_198' title='bbox 1802 2869 1964 2933; x_wconf 88' lang='lat' dir='ltr'>mihi</span> 
     </span>
    </p>

    <p class='ocr_par' dir='ltr' id='par_1_18' title="bbox 396 2955 1914 3041">
     <span class='ocr_line' id='line_1_31' title="bbox 396 2955 1914 3041; baseline 0.003 -24"><span class='ocrx_word' id='word_1_199' title='bbox 396 2955 722 3018; x_wconf 83' lang='lat' dir='ltr'>subtracta</span> <span class='ocrx_word' id='word_1_200' title='bbox 765 2955 960 3019; x_wconf 88' lang='lat' dir='ltr'>reddi.</span> <span class='ocrx_word' id='word_1_201' title='bbox 1054 2979 1208 3020; x_wconf 85' lang='lat' dir='ltr'>sana</span> <span class='ocrx_word' id='word_1_202' title='bbox 1253 2958 1309 3021; x_wconf 89' lang='lat' dir='ltr'>si</span> <span class='ocrx_word' id='word_1_203' title='bbox 1355 2980 1536 3021; x_wconf 89' lang='lat' dir='ltr'>mens</span> <span class='ocrx_word' id='word_1_204' title='bbox 1584 2961 1682 3022; x_wconf 92' lang='lat' dir='ltr'>est</span> <span class='ocrx_word' id='word_1_205' title='bbox 1726 2959 1914 3041; x_wconf 89' lang='lat' dir='ltr'>mihi,</span> 
     </span>
    </p>
   </div>
   <div class='ocr_carea' id='block_1_3' title="bbox 390 3098 2423 3645">
    <p class='ocr_par' dir='ltr' id='par_1_19' title="bbox 390 3098 2423 3645">
     <span class='ocr_line' id='line_1_32' title="bbox 535 3098 2421 3168; baseline 0.003 -24"><span class='ocrx_word' id='word_1_206' title='bbox 535 3098 859 3146; x_wconf 85' lang='grc'><strong>1216-1218</strong></span> <span class='ocrx_word' id='word_1_207' title='bbox 881 3102 1008 3162; x_wconf 78' lang='lat' dir='ltr'>post</span> <span class='ocrx_word' id='word_1_208' title='bbox 1025 3113 1071 3148; x_wconf 81' lang='lat' dir='ltr'>v.</span> <span class='ocrx_word' id='word_1_209' title='bbox 1104 3100 1236 3148; x_wconf 80' lang='grc'><strong>1234</strong></span> <span class='ocrx_word' id='word_1_210' title='bbox 1256 3098 1596 3165; x_wconf 75' lang='lat' dir='ltr'>transposuit</span> <span class='ocrx_word' id='word_1_211' title='bbox 1622 3099 1822 3166; x_wconf 77' lang='lat' dir='ltr'>Peiper</span> <span class='ocrx_word' id='word_1_212' title='bbox 1848 3099 1866 3165; x_wconf 84' lang='grc' dir='ltr'>ΙΙ</span> <span class='ocrx_word' id='word_1_213' title='bbox 1894 3103 2017 3151; x_wconf 74' lang='grc'><strong>1217</strong></span> <span class='ocrx_word' id='word_1_214' title='bbox 2050 3113 2287 3151; x_wconf 84' lang='grc'><strong>0101110111</strong></span> <span class='ocrx_word' id='word_1_215' title='bbox 2316 3110 2372 3163; x_wconf 86' lang='grc' dir='ltr'><em>ψ</em></span> <span class='ocrx_word' id='word_1_216' title='bbox 2401 3098 2421 3168; x_wconf 79' lang='grc' dir='ltr'>Η</span> 
     </span>
     <span class='ocr_line' id='line_1_33' title="bbox 392 3167 2419 3238; baseline 0.005 -25"><span class='ocrx_word' id='word_1_217' title='bbox 392 3168 515 3215; x_wconf 87' lang='grc'><strong>1218</strong></span> <span class='ocrx_word' id='word_1_218' title='bbox 555 3182 653 3219; x_wconf 85' lang='lat' dir='ltr'>om.</span> <span class='ocrx_word' id='word_1_219' title='bbox 694 3176 748 3230; x_wconf 84' lang='grc' dir='ltr'><em>ψ</em></span> <span class='ocrx_word' id='word_1_220' title='bbox 795 3169 813 3234; x_wconf 90' lang='grc' dir='ltr'>ΙΙ</span> <span class='ocrx_word' id='word_1_221' title='bbox 868 3171 994 3219; x_wconf 91' lang='grc'><strong>1219</strong></span> <span class='ocrx_word' id='word_1_222' title='bbox 1031 3167 1336 3220; x_wconf 86' lang='lat' dir='ltr'>attonitum</span> <span class='ocrx_word' id='word_1_223' title='bbox 1375 3170 1528 3221; x_wconf 85' lang='lat' dir='ltr'>caret</span> <span class='ocrx_word' id='word_1_224' title='bbox 1564 3172 1609 3219; x_wconf 99' lang='lat' dir='ltr'>A</span> <span class='ocrx_word' id='word_1_225' title='bbox 1663 3171 1682 3238; x_wconf 79' lang='grc' dir='ltr'>ΙΙ</span> <span class='ocrx_word' id='word_1_226' title='bbox 1736 3173 1863 3221; x_wconf 89' lang='grc'><strong>1221</strong></span> <span class='ocrx_word' id='word_1_227' title='bbox 1883 3186 1992 3233; x_wconf 78' lang='lat' dir='ltr'>sqq.</span> <span class='ocrx_word' id='word_1_228' title='bbox 2034 3171 2098 3224; x_wconf 82' lang='lat' dir='ltr'>de</span> <span class='ocrx_word' id='word_1_229' title='bbox 2143 3176 2419 3223; x_wconf 75' lang='lat' dir='ltr'>construc-</span> 
     </span>
     <span class='ocr_line' id='line_1_34' title="bbox 393 3235 2419 3309; baseline 0.004 -22"><span class='ocrx_word' id='word_1_230' title='bbox 393 3236 536 3289; x_wconf 74' lang='lat' dir='ltr'>tione</span> <span class='ocrx_word' id='word_1_231' title='bbox 579 3235 649 3302; x_wconf 79' lang='lat' dir='ltr'>cf.</span> <span class='ocrx_word' id='word_1_232' title='bbox 680 3238 795 3290; x_wconf 86' lang='lat' dir='ltr'>Leo</span> <span class='ocrx_word' id='word_1_233' title='bbox 832 3238 865 3290; x_wconf 89' lang='lat' dir='ltr'>l.</span> <span class='ocrx_word' id='word_1_234' title='bbox 897 3254 949 3289; x_wconf 74' lang='lat' dir='ltr'>n.</span> <span class='ocrx_word' id='word_1_235' title='bbox 991 3241 1009 3307; x_wconf 80' lang='grc' dir='ltr'>ΙΙ</span> <span class='ocrx_word' id='word_1_236' title='bbox 1054 3242 1187 3290; x_wconf 89' lang='grc'><strong>1223</strong></span> <span class='ocrx_word' id='word_1_237' title='bbox 1225 3238 1426 3292; x_wconf 85' lang='lat' dir='ltr'>turbae</span> <span class='ocrx_word' id='word_1_238' title='bbox 1468 3242 1526 3292; x_wconf 89' lang='lat' dir='ltr'>et</span> <span class='ocrx_word' id='word_1_239' title='bbox 1563 3239 1609 3292; x_wconf 87' lang='lat' dir='ltr'>si</span> <span class='ocrx_word' id='word_1_240' title='bbox 1647 3245 1693 3292; x_wconf 87' lang='lat' dir='ltr'>A</span> <span class='ocrx_word' id='word_1_241' title='bbox 1729 3243 1747 3309; x_wconf 78' lang='grc' dir='ltr'>ΙΙ</span> <span class='ocrx_word' id='word_1_242' title='bbox 1783 3245 1916 3293; x_wconf 80' lang='grc'><strong>1225</strong></span> <span class='ocrx_word' id='word_1_243' title='bbox 1957 3240 2066 3294; x_wconf 86' lang='grc'><strong>11110</strong></span> <span class='ocrx_word' id='word_1_244' title='bbox 2104 3245 2149 3292; x_wconf 99' lang='lat' dir='ltr'>A</span> <span class='ocrx_word' id='word_1_245' title='bbox 2195 3241 2261 3294; x_wconf 83' lang='lat' dir='ltr'>de</span> <span class='ocrx_word' id='word_1_246' title='bbox 2308 3239 2419 3295; x_wconf 90' lang='lat' dir='ltr'>hoc</span> 
     </span>
     <span class='ocr_line' id='line_1_35' title="bbox 391 3306 2419 3379; baseline 0.003 -21"><span class='ocrx_word' id='word_1_247' title='bbox 391 3306 638 3360; x_wconf 77' lang='lat' dir='ltr'>adverbii</span> <span class='ocrx_word' id='word_1_248' title='bbox 671 3308 853 3373; x_wconf 79' lang='lat' dir='ltr'>forma</span> <span class='ocrx_word' id='word_1_249' title='bbox 889 3310 972 3376; x_wconf 24' lang='lat' dir='ltr'>cf..</span> <span class='ocrx_word' id='word_1_250' title='bbox 997 3311 1246 3375; x_wconf 79' lang='lat' dir='ltr'>Thomas,</span> <span class='ocrx_word' id='word_1_251' title='bbox 1284 3312 1513 3364; x_wconf 58' lang='lat' dir='ltr'>Hennes</span> <span class='ocrx_word' id='word_1_252' title='bbox 1546 3314 1642 3377; x_wconf 78' lang='lat'>28,</span> <span class='ocrx_word' id='word_1_253' title='bbox 1671 3315 1782 3366; x_wconf 88' lang='lat'>309</span> <span class='ocrx_word' id='word_1_254' title='bbox 1835 3313 1853 3379; x_wconf 89' lang='grc' dir='ltr'>ΙΙ</span> <span class='ocrx_word' id='word_1_255' title='bbox 1907 3317 2042 3365; x_wconf 88' lang='grc'><strong>1229</strong></span> <span class='ocrx_word' id='word_1_256' title='bbox 2079 3312 2188 3365; x_wconf 87' lang='grc'><strong>11110</strong></span> <span class='ocrx_word' id='word_1_257' title='bbox 2226 3328 2419 3365; x_wconf 89' lang='lat' dir='ltr'>ensem</span> 
     </span>
     <span class='ocr_line' id='line_1_36' title="bbox 392 3375 2420 3456; baseline 0.005 -30"><span class='ocrx_word' id='word_1_258' title='bbox 392 3375 523 3429; x_wconf 73' lang='lat' dir='ltr'>&lt;late</span> <span class='ocrx_word' id='word_1_259' title='bbox 569 3395 625 3430; x_wconf 88' lang='grc' dir='ltr'>ω</span> <span class='ocrx_word' id='word_1_260' title='bbox 680 3395 813 3432; x_wconf 85' lang='lat' dir='ltr'>corr.</span> <span class='ocrx_word' id='word_1_261' title='bbox 867 3381 1101 3447; x_wconf 77' lang='lat' dir='ltr'>Withof,</span> <span class='ocrx_word' id='word_1_262' title='bbox 1155 3381 1415 3449; x_wconf 76' lang='lat' dir='ltr'>Bentley,</span> <span class='ocrx_word' id='word_1_263' title='bbox 1470 3382 1716 3447; x_wconf 75' lang='lat' dir='ltr'>defendit</span> <span class='ocrx_word' id='word_1_264' title='bbox 1770 3383 1978 3438; x_wconf 80' lang='lat' dir='ltr'>Melzer</span> <span class='ocrx_word' id='word_1_265' title='bbox 2036 3400 2092 3451; x_wconf 80' lang='lat' dir='ltr'>p.</span> <span class='ocrx_word' id='word_1_266' title='bbox 2133 3387 2168 3436; x_wconf 79' lang='lat'><em>4</em></span> <span class='ocrx_word' id='word_1_267' title='bbox 2220 3399 2275 3436; x_wconf 75' lang='lat' dir='ltr'>n.</span> <span class='ocrx_word' id='word_1_268' title='bbox 2328 3388 2363 3437; x_wconf 88' lang='lat'><strong><em>3</em></strong></span> <span class='ocrx_word' id='word_1_269' title='bbox 2400 3385 2420 3456; x_wconf 80' lang='grc' dir='ltr'>ΙΙ</span> 
     </span>
     <span class='ocr_line' id='line_1_37' title="bbox 390 3451 2421 3524; baseline 0.005 -27"><span class='ocrx_word' id='word_1_270' title='bbox 390 3451 524 3498; x_wconf 85' lang='grc'><strong>1230</strong></span> <span class='ocrx_word' id='word_1_271' title='bbox 561 3464 659 3501; x_wconf 87' lang='lat' dir='ltr'>om.</span> <span class='ocrx_word' id='word_1_272' title='bbox 698 3454 741 3500; x_wconf 81' lang='grc' dir='ltr'><strong>Ε</strong></span> <span class='ocrx_word' id='word_1_273' title='bbox 787 3451 807 3518; x_wconf 77' lang='grc' dir='ltr'>ΙΙ</span> <span class='ocrx_word' id='word_1_274' title='bbox 850 3454 984 3503; x_wconf 88' lang='grc'><strong>1232</strong></span> <span class='ocrx_word' id='word_1_275' title='bbox 1023 3467 1089 3504; x_wconf 84' lang='grc'>80</span> <span class='ocrx_word' id='word_1_276' title='bbox 1125 3451 1239 3504; x_wconf 90' lang='lat' dir='ltr'>tuis</span> <span class='ocrx_word' id='word_1_277' title='bbox 1276 3457 1322 3504; x_wconf 87' lang='lat' dir='ltr'>A</span> <span class='ocrx_word' id='word_1_278' title='bbox 1358 3453 1427 3518; x_wconf 77' lang='lat' dir='ltr'>cf.</span> <span class='ocrx_word' id='word_1_279' title='bbox 1460 3453 1573 3506; x_wconf 85' lang='lat' dir='ltr'>Leo</span> <span class='ocrx_word' id='word_1_280' title='bbox 1608 3454 1652 3505; x_wconf 91' lang='lat' dir='ltr'><strong><em>I</em></strong></span> <span class='ocrx_word' id='word_1_281' title='bbox 1671 3457 1743 3507; x_wconf 86' lang='lat'>35</span> <span class='ocrx_word' id='word_1_282' title='bbox 1788 3456 1806 3523; x_wconf 79' lang='grc' dir='ltr'>ΙΙ</span> <span class='ocrx_word' id='word_1_283' title='bbox 1852 3458 1984 3508; x_wconf 75' lang='grc'><strong>1237</strong></span> <span class='ocrx_word' id='word_1_284' title='bbox 2025 3473 2143 3507; x_wconf 73' lang='lat' dir='ltr'>ms.</span> <span class='ocrx_word' id='word_1_285' title='bbox 2175 3459 2221 3506; x_wconf 87' lang='lat' dir='ltr'>A</span> <span class='ocrx_word' id='word_1_286' title='bbox 2262 3458 2270 3524; x_wconf 81' lang='grc' dir='ltr'>Ι</span> <span class='ocrx_word' id='word_1_287' title='bbox 2310 3474 2421 3508; x_wconf 90' lang='lat' dir='ltr'>un—</span> 
     </span>
     <span class='ocr_line' id='line_1_38' title="bbox 394 3519 2423 3598; baseline 0.005 -30"><span class='ocrx_word' id='word_1_288' title='bbox 394 3533 562 3583; x_wconf 86' lang='lat' dir='ltr'>quam</span> <span class='ocrx_word' id='word_1_289' title='bbox 591 3522 635 3569; x_wconf 91' lang='lat' dir='ltr'>A</span> <span class='ocrx_word' id='word_1_290' title='bbox 667 3522 676 3587; x_wconf 78' lang='lat'>1</span> <span class='ocrx_word' id='word_1_291' title='bbox 746 3519 904 3573; x_wconf 89' lang='lat' dir='ltr'>dedit</span> <span class='ocrx_word' id='word_1_292' title='bbox 931 3533 986 3587; x_wconf 85' lang='grc' dir='ltr'><em>ψ</em></span> <span class='ocrx_word' id='word_1_293' title='bbox 1014 3525 1036 3591; x_wconf 68' lang='grc' dir='ltr'>ΙΙ</span> <span class='ocrx_word' id='word_1_294' title='bbox 1061 3527 1193 3574; x_wconf 82' lang='grc'><strong>1238</strong></span> <span class='ocrx_word' id='word_1_295' title='bbox 1233 3539 1452 3592; x_wconf 86' lang='lat' dir='ltr'>semper</span> <span class='ocrx_word' id='word_1_296' title='bbox 1488 3524 1642 3577; x_wconf 86' lang='lat' dir='ltr'>furor</span> <span class='ocrx_word' id='word_1_297' title='bbox 1673 3525 1871 3594; x_wconf 88' lang='lat' dir='ltr'>ingens</span> <span class='ocrx_word' id='word_1_298' title='bbox 1897 3532 1941 3578; x_wconf 79' lang='grc' dir='ltr'><strong>Ε</strong></span> <span class='ocrx_word' id='word_1_299' title='bbox 1969 3529 1988 3596; x_wconf 80' lang='grc' dir='ltr'>ΙΙ</span> <span class='ocrx_word' id='word_1_300' title='bbox 2015 3532 2148 3580; x_wconf 90' lang='grc'><strong>1239</strong></span> <span class='ocrx_word' id='word_1_301' title='bbox 2176 3545 2295 3580; x_wconf 74' lang='lat' dir='ltr'>‘nm</span> <span class='ocrx_word' id='word_1_302' title='bbox 2328 3532 2374 3579; x_wconf 87' lang='lat' dir='ltr'>A</span> <span class='ocrx_word' id='word_1_303' title='bbox 2400 3528 2423 3598; x_wconf 80' lang='grc' dir='ltr'>Η</span> 
     </span>
     <span class='ocr_line' id='line_1_39' title="bbox 390 3589 1058 3645; baseline 0.01 -7"><span class='ocrx_word' id='word_1_304' title='bbox 390 3593 523 3640; x_wconf 78' lang='grc'><strong>1240</strong></span> <span class='ocrx_word' id='word_1_305' title='bbox 561 3589 715 3642; x_wconf 86' lang='lat' dir='ltr'>furor</span> <span class='ocrx_word' id='word_1_306' title='bbox 750 3592 980 3645; x_wconf 85' lang='lat' dir='ltr'>recessit</span> <span class='ocrx_word' id='word_1_307' title='bbox 1015 3599 1058 3645; x_wconf 82' lang='grc' dir='ltr'><strong>Ε</strong></span> 
     </span>
    </p>
   </div>
  </div>
 </body>
</html>
