2658 4117
399 247 442 308 4
1046 243 1103 294 L.
1134 241 1418 295 ANNAEI
1456 240 1781 294 SENECAE

399 389 705 452 Thebana
751 388 941 450 tellus
988 387 1255 450 nuribus
1303 388 1365 449 a!
1432 409 1653 469 sparsa
1697 387 1915 470 impiis
2362 405 2433 450 20

401 478 698 561 quotiens
744 496 1083 539 novercam
1128 475 1307 538 fecit!
1375 474 1673 539 escendat
1716 475 1868 539 licet

400 585 742 647 meumque
788 564 1019 628 victrix
1064 567 1279 626 teneat
1325 560 1634 628 Alcmene
1679 563 1895 628 locum
1907 614 1924 647 ‚
2036 619 2039 621 Α

400 653 764 738 pariterque
808 656 998 716 natus
1046 655 1216 715 astra
1262 652 1578 735 promissa
1625 657 1894 736 occupet
1904 702 1934 734 r

399 745 469 806 in
513 740 694 807 cuius
743 744 920 804 ortus
968 740 1245 804 mundus
1292 740 1608 823 impendit
1655 740 1822 804 diem

399 830 747 913 tardusque
792 828 941 893 Eoo
980 828 1280 892 Phoebus
1328 829 1569 892 effulsit
1615 831 1776 892 mari
2364 845 2432 893 25

399 921 672 984 retinere
718 940 998 982 mersum
1046 919 1257 981 iussus
1305 915 1559 981 Oceano
1608 917 1809 982 iubar.

400 1031 533 1073 non
579 1009 672 1073 sic
718 1007 990 1071 abibunt
1036 1006 1207 1090 odia3
1254 1007 1507 1071 vivaces
1553 1011 1702 1092 aget

402 1099 724 1161 violentus
771 1098 896 1160 iras
944 1096 1195 1160 animus
1244 1099 1308 1158 et
1355 1117 1581 1159 saevus
1630 1095 1815 1158 dolor

404 1189 661 1250 aeterna
707 1186 877 1249 bella
922 1207 1079 1268 pace
1126 1185 1381 1248 sublata
1428 1187 1621 1269 geret.

538 1273 712 1348 Quae
760 1273 973 1336 bella?
1039 1273 1347 1356 quicquid
1390 1272 1723 1337 horridum
1770 1274 1962 1337 tellus
2011 1276 2182 1336 creat
2364 1289 2432 1336 30

405 1363 691 1443 inimica,
741 1362 1047 1444 quicquid
1092 1366 1329 1445 pontus
1377 1365 1489 1424 aut
1534 1377 1641 1424 aer
1686 1360 1837 1426 tulit

403 1451 687 1514 terribile
734 1451 942 1514 dirum
990 1451 1295 1533 pestilens
1344 1453 1528 1513 atrox
1573 1450 1808 1531 ferum,

401 1541 677 1603 fractum
730 1543 921 1621 atque
970 1538 1284 1603 domitum
1332 1542 1445 1602 est.
1538 1542 1797 1621 superat
1853 1543 1917 1601 et
1972 1540 2200 1603 crescit
2244 1539 2432 1602 malis

402 1629 622 1710 iraque
667 1631 889 1692 nostra
932 1627 1194 1710 fruitur3
1240 1628 1309 1690 in
1353 1626 1574 1691 laudes
1622 1648 1768 1690 suas

404 1739 547 1780 mea
592 1717 784 1780 vertit
831 1716 1001 1779 odia:
1051 1715 1202 1779 dum
1249 1716 1441 1779 nimis
1490 1737 1678 1781 saeva
1723 1717 1996 1799 imperO,
2363 1731 2431 1779 35

406 1809 656 1889 patrem
703 1805 999 1888 probavi,
1045 1805 1286 1888 gloriae
1333 1804 1457 1868 feci
1500 1806 1733 1868 locum.

405 1916 532 1977 qua
579 1891 693 1957 Sol
735 1893 1042 1957 reducens
1091 1915 1344 1975 quaque
1392 1893 1715 1976 deponens
1763 1893 1930 1956 diem

403 1983 592 2046 binos
637 1982 1001 2066 propinqua
1046 1982 1288 2067 tinguit
1332 1980 1687 2065 Aethiopas
1732 1981 1899 2064 face,

407 2071 739 2146 indomita,
766 2071 969 2134 virtus
1017 2071 1250 2134 colitur
1296 2074 1361 2133 et
1405 2074 1543 2134 toto
1590 2071 1745 2134 deus

404 2164 698 2224 narratur
744 2158 913 2222 orbe.
1005 2162 1292 2223 monstra
1337 2159 1465 2222 iam
1513 2159 1742 2224 desunt
1788 2158 1948 2224 mihi
2365 2175 2434 2223 ιο

407 2249 742 2330 minorque
786 2248 970 2310 labor
1015 2251 1112 2311 est
1157 2246 1423 2312 Herculi
1468 2248 1641 2312 iussa
1687 2249 1942 2331 exequi,

383 2352 600 2419 ‘quam
651 2334 812 2399 mihi
858 2336 1100 2400 iubere:
1147 2337 1352 2400 laetus
1399 2337 1668 2419 imperia
1709 2336 1969 2419 excipit.

407 2447 570 2509 quae
614 2424 750 2487 fera
794 2424 1051 2507 tyranni
1096 2425 1236 2488 iura
1281 2424 1566 2490 violento
1615 2429 1851 2508 queant

404 2535 634 2578 nocere
680 2513 942 2575 iuveni?
1007 2534 1236 2597 nempe
1283 2535 1401 2596 pro
1449 2514 1594 2578 telis
1641 2515 1807 2599 gerit

409 2624 572 2685 quae
618 2602 836 2665 timuit
884 2605 947 2664 et
994 2624 1155 2684 quae
1200 2602 1395 2666 fudit:
1443 2606 1723 2666 armatus
1772 2602 1948 2667 venit
2365 2617 2434 2664 45

404 2693 592 2755 leone
640 2694 704 2753 et
748 2689 970 2772 hydra.
1060 2712 1177 2765 nec
1218 2691 1379 2756 satis
1408 2696 1629 2756 terrae
1676 2694 1924 2773 patent:

405 2779 659 2865 effregit
704 2799 848 2842 ecce
894 2779 1093 2843 limen
1137 2780 1371 2843 inferni
1415 2778 1586 2843 Iovis

405 2872 472 2932 et
518 2869 735 2952 opima
781 2867 936 2930 victi
980 2869 1150 2954 regis
1197 2868 1278 2931 ad
1322 2890 1588 2951 superos
1634 2868 1843 2931 refert.

412 2978 641 3040 parum
689 2960 786 3019 est
831 2958 1091 3037 reverti,
1134 2956 1361 3020 foedus
1409 2955 1779 3019 umbrarum
1827 2955 2017 3038 perit:

547 3101 618 3147 20
655 3095 887 3148 nuribus
925 3109 1121 3163 sparsa.
1157 3094 1326 3148 tellus
1364 3100 1410 3146 A
1461 3094 1633 3148 tellus
1669 3113 1723 3147 n.
1752 3112 1833 3163 sp.
1872 3100 1915 3145 Ε
1970 3111 2107 3148 corr.
2149 3094 2438 3149 Baehrens

403 3167 551 3220 misc.
580 3183 711 3233 erp.
742 3170 815 3220 34
850 3184 905 3219 n.
937 3172 969 3220 1
1007 3166 1078 3232 cf.
1116 3168 1282 3237 symb.
1313 3167 1431 3220 Ien.
1473 3168 1507 3220 l.
1541 3184 1595 3218 n.
1623 3168 1644 3234 n
1671 3170 1736 3219 21
1768 3166 2040 3219 escendat
2066 3164 2208 3219 ΕΙΣ
2240 3180 2436 3217 ascen-

405 3237 505 3289 dat
541 3235 668 3288 AF
703 3238 722 3304 11
753 3242 830 3289 22
864 3239 1051 3291 torum
1089 3239 1135 3290 I.
1179 3238 1401 3292 Gronov
1443 3238 1462 3305 ΙΙ
1509 3242 1579 3289 24
1617 3239 1771 3291 ortus
1818 3238 1865 3305 (s
1904 3238 2092 3303 erasa)
2122 3242 2164 3287 Ε
2215 3235 2433 3302 (Ribb.)

405 3309 537 3359 ortu
567 3312 616 3359 A
641 3309 660 3375 ΙΙ
686 3312 758 3359 84
793 3306 1032 3362 fruimur
1057 3308 1200 3360 ΕΙΣ
1232 3307 1438 3361 fruitur
1473 3307 1601 3360 ΔΕΒ
1626 3310 1645 3377 ΙΙ
1682 3313 1767 3361 88.
1790 3312 1856 3361 87
1895 3310 2118 3377 patrem
2153 3305 2432 3375 probavit.

403 3376 538 3430 inde
566 3392 680 3444 qua
704 3377 889 3431 lucem
916 3378 1124 3448 premit
1148 3378 1448 3448 aperitque
1475 3379 1650 3432 thetis
1680 3395 1793 3447 qua
1820 3379 2004 3433 ferens
2032 3377 2182 3432 titan
2210 3377 2361 3432 diem
2387 3382 2442 3430 Δ

407 3455 459 3502 et
493 3464 654 3503 erasa
687 3450 934 3518 ymaina
958 3451 1253 3519 scriptm,
1295 3467 1463 3519 quam
1494 3455 1555 3504 Σ
1582 3452 1821 3519 praebet,
1845 3450 1917 3502 Ρ
1944 3452 1962 3518 ΙΙ
1990 3455 2057 3502 8³1
2086 3464 2361 3518 reponens
2390 3455 2439 3501 Β

405 3536 543 3585 corr
573 3530 628 3584 ψ
657 3521 675 3588 n
703 3524 772 3571 88
801 3518 976 3589 tingit
1002 3538 1069 3574 ex
1092 3520 1310 3590 tinguit
1336 3520 1409 3573 Ε*
1434 3523 1452 3589 ΙΙ
1480 3526 1549 3573 48
1578 3538 1690 3587 quo
1719 3525 1765 3573 Δ
1796 3524 1804 3588 Ι
1836 3521 1991 3575 iussa
2010 3518 2139 3573 Am
2165 3522 2201 3573 i.
2225 3538 2333 3575 ras·
2364 3519 2450 3572 Ε*

405 3588 522 3659 iusa
535 3596 577 3641 Ε
589 3588 606 3620 ²
623 3588 748 3643 iura
761 3594 816 3641 H
833 3591 924 3657 (cf.
939 3592 1076 3656 Leo)
1105 3594 1124 3660 ΙΙ
1146 3597 1222 3644 49
1236 3593 1456 3646 traiecit
1471 3594 1583 3648 Leo
1594 3597 1718 3660 post
1731 3610 1777 3646 v.
1792 3591 2443 3659 54;50-54dez.1²eiper
