2658 4117
277 168 408 232 312
927 169 985 221 L.
1016 167 1299 221 ANNAEI
1336 167 1662 222 SENECAE

594 313 804 399 fugiat
848 334 1099 376 maeror
1142 313 1478 398 fugiatque
1525 336 1741 397 pavor,

597 402 808 487 fugiat
853 401 1085 484 trepidi
1135 422 1349 465 eomes
1396 403 1572 465 exilii

595 491 798 554 tristis
845 493 1094 575 egestas

593 578 911 661 rebusque
958 579 1171 663 gravis
1217 577 1427 661 pudor
1472 579 1754 643 afflictis:
2173 597 2279 645 925

599 669 805 752 magis
851 667 1021 731 unde
1068 667 1256 731 cadas
1303 688 1496 749 quam
1544 689 1672 751 quo
1718 669 1928 731 refert.

732 755 1070 841 Magnum,
1118 778 1196 819 ex
1243 757 1375 819 alto
1424 756 1703 820 01111111110
1749 758 2003 840 lapsum

597 844 892 909 stabilem
939 845 1009 907 in
1053 845 1247 927 plano
1294 845 1493 929 figere
1540 867 1859 930 gressum3

595 955 930 1018 magnum,
977 934 1225 1019 ingenti
1271 936 1484 1018 strage
1530 934 1846 997 malorum

595 1044 886 1104 pressum
931 1022 1121 1085 fracti
1164 1023 1449 1104 pondera
1491 1023 1675 1108 regni
2172 1038 2276 1085 930

595 1132 727 1174 11011
772 1110 1008 1173 inflexa
1055 1111 1297 1175 cervice
1343 1111 1481 1193 pati

594 1220 712 1262 nee
759 1197 1136 1283 degenerem
1181 1200 1574 1301 victumque·
1600 1200 1786 1263 malis

595 1290 841 1350 rectum
886 1287 1243 1388 impositas·
1267 1287 1432 1351 ferre
1477 1288 1712 1353 ruinas,

731 1370 856 1437 Sed
901 1375 1030 1438 iam
1077 1376 1248 1439 saevi
1293 1376 1519 1439 nubila
1561 1377 1681 1440 fati

596 1464 763 1545 pelle
811 1485 884 1528 00
929 1464 1147 1527 miseri
2170 1471 2306 1524 934b

596 1553 904 1634 temporis
952 1552 1159 1616 omnis
1206 1553 1457 1617 dimitte
1502 1558 1714 1638 notas;
2172 1568 2276 1617 935

594 1639 856 1704 redeant
901 1642 1119 1705 vultus
1166 1642 1246 1704 ad
1289 1642 1459 1704 laeta
1506 1641 1689 1723 boni,

596 1732 875 1792 veterem
923 1751 1002 1793 ex
1049 1730 1263 1794 animo
1311 1730 1497 1793 mitte
1535 1729 1875 1812 Thyesten.

726 1816 1067 1900 Proprium
1111 1817 1237 1882 1100
1281 1819 1549 1882 miseros
1597 1819 1890 1901 sequitur
1934 1819 2189 1901 vitium,

598 1927 951 1989 numquam
996 1907 1188 1970 rebus
1234 1907 1487 1971 eredere
1531 1907 1742 1970 laetis:

595 1994 812 2057 redeat
856 1995 1014 2058 felix
1058 1995 1317 2058 fortuna
1361 1996 1541 2078 licet,
2171 2011 2277 2060 940

594 2086 811 2147 tamen
856 2084 1132 2148 afflictos
1180 2084 1454 2169 gaudere
1499 2085 1696 2169 piget.

599 2172 753 2253 quid
799 2194 901 2235 me
946 2194 1208 2237 revocas
1253 2174 1615 2256 festumque
1661 2177 1839 2238 vetas

598 2260 916 2323 celebrare
963 2260 1158 2343 diem,
1206 2262 1361 2344 quid
1405 2260 1557 2325 flere
1604 2261 1814 2345 iubes,

596 2349 776 2411 nulla
823 2371 1088 2434 surgens
1136 2349 1320 2413 dolor
1365 2372 1444 2412 ex
1490 2351 1725 2413 causa?

596 2435 752 2518 quid
796 2458 898 2499 me
943 2437 1246 2519 prohibes
1292 2438 1450 2502 flore
1498 2439 1748 2502 decenti
2167 2454 2272 2501 945

594 2525 836 2589 vincire
883 2527 1175 2590 comam?
1221 2526 1549 2609 prohibet,
1595 2527 1921 2609 prohibet!

729 2611 980 2677 Vernae
1027 2615 1223 2698 capiti
1267 2615 1509 2678 fluxere
1554 2637 1765 2698 rosae,

602 2702 832 2787 pingui
878 2702 1169 2766 madidus
1217 2704 1409 2767 erinis
1456 2725 1711 2767 amomo

594 2791 762 2854 inter
809 2789 1057 2854 subitos
1104 2793 1283 2856 stetit
1326 2793 1650 2874 horrore8‚

596 2879 802 2942 imber
846 2881 1030 2943 vultu
1076 2881 1334 2945 nolente
1382 2882 1578 2964 eadit,
2088 2961 2091 2964 .
2169 2894 2273 2943 950

595 2969 772 3031 venit
817 2969 885 3032 in
932 2969 1174 3032 medias
1220 2990 1409 3032 voees
1457 2970 1751 3054 gemitus.

595 3078 846 3120 maeror
889 3057 1188 3121 lacrimas
1235 3062 1408 3121 amat
1453 3061 1765 3139 00011015οε,

275 3245 382 3284 esse
415 3230 623 3295 statuit,
662 3231 730 3296 ef.
761 3230 876 3284 Leo
903 3231 947 3283 I
967 3233 1090 3283 137.
1157 3232 1430 3285 cauticum
1468 3231 1710 3285 dimetas
1746 3230 1987 3284 decurrit
2022 3229 2307 3283 claudente

199 3365 207 3371 .
279 3305 599 3354 monometro
632 3317 716 3367 ω,
762 3302 876 3354 nisi
921 3302 1066 3370 quod
1108 3305 1393 3353 930—932
1422 3318 1528 3383 pro
1564 3303 1741 3356 tribus
1774 3301 2022 3354 dimetris
2058 3300 2168 3352 duo
2205 3299 2305 3353 tri-

274 3377 470 3424 metros
496 3371 655 3424 habet
689 3342 731 3423 Ε
760 3375 778 3441 ΙΙ
806 3376 909 3424 935
947 3374 1201 3454 tempore
1238 3371 1297 3423 in
1337 3371 1487 3424 omni
1515 3377 1557 3423 Ε
1596 3373 1695 3426 del.
1728 3372 1925 3439 Peiper
1955 3373 1963 3439 Ι
1997 3385 2188 3423 omnes
2212 3373 2258 3420 A
2285 3369 2304 3440 Η
2363 3389 2386 3407 -

277 3445 380 3493 936
424 3440 655 3493 adhleta
692 3447 734 3493 E
799 3444 817 3510 ΙΙ
880 3447 983 3495 945
1031 3442 1158 3511 quis
1195 3458 1284 3494 me
1331 3441 1595 3510 prohibet
1639 3459 1695 3497 ω
1741 3457 1876 3497 corr.
1917 3442 1992 3495 N.
2033 3441 2307 3496 Heinsius

271 3511 474 3576 12:441!
502 3515 606 3562 946
643 3511 867 3564 uincere
904 3519 946 3564 E
980 3517 987 3579 1
1019 3512 1284 3581 prohibet
1320 3516 1377 3567 et
1414 3512 1571 3582 proh.
1601 3517 1675 3564 Δτ
1993 3560 1994 3563 ,
