2658 4117
345 233 475 296 310
1000 232 1059 284 L.
1091 230 1377 284 ANNAEI
1414 230 1742 285 SENECAE

664 377 1045 458 Plostraque
1089 398 1444 459 numquam
1491 377 1750 459 perfusa
1794 377 1958 440 mari

666 469 914 550 merget
960 465 1238 528 condens
1287 465 1505 528 omnia
1551 486 1813 550 gurges;

663 559 728 619 et
773 556 885 637 qui
931 553 1170 617 medias
1218 553 1447 617 dividit
1491 553 1717 636 Vrsas,

664 644 949 706 fluminis
996 644 1199 705 instar
1242 641 1532 705 lubricus
1570 640 1822 727 Anguis
2272 659 2379 708 870

665 753 1031 816 magnoque
1076 731 1290 794 minor
1333 731 1554 794 iuncta
1597 729 1879 795 Draconi

664 820 899 905 frigida
946 821 1106 883 duro
1156 817 1489 901 Cynosura
1534 819 1712 904 gelu,

666 913 1010 992 custosque
1058 909 1159 971 sui
1204 907 1423 971 tardus
1469 908 1744 990 plaustri

664 998 793 1060 iam
837 1019 971 1061 non
1016 997 1265 1061 stabilis
1310 1001 1456 1060 ruet
1492 994 1954 1080 Arctophylax.

795 1085 936 1150 Nos
983 1108 1018 1149 e
1062 1089 1245 1149 tanto
1292 1086 1418 1148 visi
1463 1086 1706 1168 populo
2271 1102 2377 1150 875

667 1174 847 1259 digni
893 1177 1211 1257 premeret
1257 1195 1421 1255 quos
1469 1195 1689 1237 everso

671 1262 926 1326 cardine
971 1263 1292 1326 mundus?

664 1351 734 1413 in
777 1371 897 1414 nos
943 1354 1117 1414 aetas
1163 1351 1395 1414 ultima
1440 1351 1659 1415 venit?

674 1461 712 1502 o
758 1460 877 1503 nos
925 1440 1084 1502 dura
1129 1443 1300 1503 sorte
1349 1443 1624 1521 creatos,

667 1549 779 1591 seu
825 1527 1217 1610 perdidimus
1265 1529 1469 1592 solem
1516 1528 1760 1610 miseri,
2275 1542 2381 1591 880

669 1617 802 1679 sive
849 1617 1238 1699 expulimus!

667 1704 899 1769 abeant
944 1708 1207 1787 questus
1216 1754 1233 1784 ‚
1281 1705 1560 1786 discede,
1605 1705 1850 1768 timor:¹

669 1794 839 1857 vitae
886 1796 984 1856 est
1029 1793 1251 1857 avidus
1299 1794 1591 1876 quisquis
1635 1814 1770 1857 non
1815 1793 1955 1856 vult

670 1881 910 1945 mundo
960 1903 1174 1946 secum
1222 1886 1530 1964 pereunte
1577 1882 1760 1945 mori.

1185 2091 1535 2158 ATREVS

482 2215 790 2299 Aequalis
837 2216 1025 2279 astris
1073 2216 1329 2300 gradior
1379 2222 1443 2281 et
1490 2223 1755 2282 cunctos
1803 2240 1995 2300 super
2274 2231 2381 2281 885

352 2307 552 2369 altum
602 2305 876 2387 superbo
924 2306 1161 2368 vertice
1209 2306 1532 2390 attingens
1579 2307 1820 2389 polum.

348 2416 521 2459 nunc
568 2394 796 2457 decora
840 2394 1024 2478 regni
1068 2397 1282 2476 tene0‚
1327 2415 1500 2458 nunc
1547 2396 1780 2458 solium
1826 2395 2043 2477 patris.

351 2483 605 2546 dimitto
655 2504 944 2565 superos:
993 2504 1245 2546 summa
1289 2485 1588 2545 votorum
1635 2483 1841 2568 attigi.

352 2572 512 2635 bene
560 2575 683 2653 est,
730 2572 980 2635 abunde
1027 2575 1151 2654 est,
1197 2571 1323 2634 iam
1373 2575 1473 2634 sat
1519 2575 1615 2634 est
1661 2573 1855 2635 etiam
1901 2570 2080 2634 mihi.

351 2660 463 2723 sed
508 2680 624 2722 cur
668 2660 823 2723 satis
870 2659 998 2723 sit?
1044 2681 1308 2744 pergam
1357 2664 1421 2723 et
1465 2659 1733 2742 impleto
1782 2663 1961 2742 patre
2275 2672 2382 2721 890

348 2749 571 2812 funere
619 2770 898 2811 suorum.
990 2770 1071 2812 ne
1120 2747 1275 2831 quid
1322 2747 1606 2811 obstaret
1651 2748 1876 2830 pudor,

353 2837 487 2900 dies
533 2836 819 2900 recessit:
867 2858 1061 2921 perge
1110 2836 1261 2899 dum
1309 2836 1556 2899 caelum
1603 2840 1804 2900 vacat.

351 2925 600 2989 utinam
649 2925 906 3008 quidem
953 2929 1168 2989 tenere
1213 2924 1536 3009 fugientes
1584 2924 1735 2988 deos

354 3035 610 3097 possem
657 3017 722 3077 et
768 3016 1022 3078 coactos
1069 3013 1348 3091 trahere,
1394 3015 1468 3075 ut
1513 3013 1809 3077 ultricem
1856 3013 2086 3096 dapem

495 3157 595 3204 867
654 3153 1015 3219 monstraque
1070 3168 1126 3206 ω
1181 3167 1317 3205 corr.
1367 3152 1481 3205 Leo
1533 3152 1574 3204 Ι
1611 3155 1720 3204 221
1777 3153 2063 3220 (astraque
2131 3151 2384 3219 Bentley,

350 3221 715 3289 plaustraque
752 3223 826 3276 id.
868 3225 943 3276 ad
978 3224 1115 3277 Luc.
1148 3224 1189 3276 I
1213 3224 1301 3292 74)
1331 3225 1349 3291 ΙΙ
1387 3227 1492 3275 872
1530 3238 1835 3290 cynoscyra
1871 3229 1913 3275 E
1950 3226 1969 3291 ΙΙ
2007 3225 2111 3274 874
2148 3220 2183 3274 i.
2213 3238 2266 3274 n.
2297 3220 2386 3273 in-

355 3292 575 3345 stabilis
612 3299 654 3344 E
689 3296 696 3362 Ι
739 3292 1075 3362 artophylax
1112 3311 1167 3347 ω
1222 3295 1240 3362 ΙΙ
1297 3298 1401 3345 882
1438 3293 1687 3346 habeant
1723 3298 1766 3345 Ε
1821 3296 1838 3362 u
1895 3298 1998 3345 886
2037 3292 2218 3345 celum
2255 3295 2329 3342 At
2365 3292 2384 3362 Η

353 3363 484 3414 89οῧ
514 3368 635 3414 891·
681 3366 932 3432 (pergam
971 3366 1028 3417 et
1065 3363 1312 3432 implebo
1351 3366 1571 3433 patrem
1610 3363 1805 3416 funere
1826 3396 1892 3403 —
1915 3380 2141 3417 suorum
2186 3364 2265 3417 sic
2301 3365 2382 3429 ω)

351 3441 609 3500 corrupta
654 3451 761 3487 esse
806 3436 991 3489 docuit
1036 3437 1106 3488 B.
1146 3435 1389 3490 Schmidt
1427 3435 1609 3489 Flecte
1650 3452 1781 3488 ann.
1822 3439 1896 3489 97
1924 3452 1983 3503 p.
2022 3437 2151 3498 875,
2189 3434 2388 3487 delevit

353 3502 483 3567 Leo,
519 3504 822 3558 emendavit
859 3506 943 3558 M.
977 3506 1189 3559 Μαῖῖεν
1217 3523 1276 3573 p.
1307 3510 1380 3559 43
1420 3508 1438 3574 u
1486 3511 1581 3558 891
1619 3505 1744 3572 quit
1780 3513 1822 3558 E
1869 3509 1887 3574 ΙΙ
1934 3510 2039 3557 892
2075 3506 2244 3557 uocat
2280 3507 2326 3554 A
2367 3505 2383 3573 Ι

356 3574 458 3622 893
498 3572 759 3636 quidaem
798 3591 864 3627 ex
902 3575 1132 3641 quidam
1173 3578 1406 3643 (incerta
1443 3595 1496 3630 m
1501 3580 1539 3645 .)
1578 3584 1620 3630 Ε
1648 3579 1666 3645 ΙΙ
1696 3582 1800 3629 894
1838 3579 1896 3630 et
1932 3576 2059 3629 ultr
2094 3576 2144 3628 d.
2176 3581 2218 3627 Ε
