2658 4117
400 257 527 322 164
1042 257 1100 309 L.
1130 255 1413 312 ANNAEI
1450 255 1772 311 SENECAE

395 404 585 469 finxit
627 402 857 485 libido,
903 424 1158 486 quoque
1202 401 1468 467 liberior
1510 402 1678 467 foret

395 493 658 556 titulum
703 491 906 554 furori
948 491 1233 557 numinis
1276 490 1423 555 falsi
1471 490 1730 555 addidit.

396 585 618 645 natum
663 602 777 662 per
822 581 1029 645 013313
1077 571 1320 645 scilicet
1363 583 1564 644 terras
1609 602 1844 664 vagum

397 670 679 752 Erycina
722 669 948 751 mittit,
997 670 1107 733 1113
1151 691 1265 752 per
1310 669 1557 732 caelum
1604 669 1824 735 volans

399 761 695 843 proterva
739 762 956 822 tenera
1000 759 1129 822 tela
1173 758 1439 821 molitur
1483 779 1676 821 manu
2307 774 2412 824 200

395 868 792 932 regnumque
837 851 1088 912 tantum
1134 847 1439 912 minimus
1486 868 1519 909 e
1566 847 1812 928 superis
1856 846 2074 911 habet:

398 959 563 1000 vana
607 935 733 999 ista
778 936 1037 1001 demens
1083 937 1334 1001 animus
1380 935 1610 999 ascivit
1651 935 1775 999 sibi

398 1025 794 1126 Venerisque
838 1047 1079 1089 numen
1122 1025 1313 1089 finxit
1358 1027 1549 1106 atque
1594 1045 1777 1087 arcus
1824 1023 1940 1088 dei.

402 1114 691 1197 quisquis
739 1114 1032 1181 secundis
1076 1113 1267 1178 rebus
1312 1113 1560 1177 exultat
1601 1113 1794 1178 nimis

401 1203 671 1285 fluitque
717 1202 903 1285 luxu,
947 1225 1197 1285 semper
1240 1202 1501 1267 insolita
1547 1202 1807 1285 appetit.
2310 1219 2414 1270 205

400 1297 557 1357 tunc
602 1292 715 1354 illa
758 1313 1025 1376 magnae
1073 1292 1210 1355 dira
1251 1291 1547 1355 fortunae
1593 1311 1804 1355 303133

403 1380 578 1445 subit
621 1380 848 1444 libido:
894 1402 1025 1443 non
1055 1381 1327 1463 placent
1371 1383 1587 1443 suetae
1633 1379 1853 1463 dapes,

403 1491 535 1532 non
579 1472 752 1534 tecta
796 1470 934 1533 3331
978 1470 1175 1533 moris
1222 1473 1334 1532 aut
1377 1469 1524 1531 vilis
1571 1469 1867 1551 scyphus,

404 1580 518 1622 cur
562 1559 632 1621 in
674 1561 935 1642 penates
981 1559 1186 1622 rarius
1230 1562 1455 1623 tenues
1501 1557 1677 1622 subit

403 1647 562 1710 haec
609 1647 909 1710 delicatas
954 1648 1196 1732 eligens
1241 1647 1444 1729 pestis
1487 1645 1754 1712 domos?
2314 1663 2417 1711 310

405 1758 519 1802 3111·
564 1739 784 1799 sancta
828 1736 1040 1818 parvis
1085 1735 1338 1800 habitat
1380 1736 1449 1799 in
1494 1736 1679 1800 tectis
1725 1733 1945 1800 Venus

405 1825 813 1906 mediumque
860 1847 1047 1889 33303
1093 1826 1325 1909 vulgus
1372 1825 1636 1888 affectus
1681 1828 1857 1889 tenet

406 1918 471 1978 et
516 1936 583 1977 33
629 1918 921 1977 coercent
965 1913 1258 1979 modica?
1305 1917 1527 1979 contra
1572 1913 1800 1977 divites

404 2024 732 2088 regnoque
776 2003 927 2067 fulti
971 2004 1156 2085 plura
1200 2024 1392 2086 quam
1437 2002 1536 2066 fas
1582 2004 1679 2067 est
1724 2003 1993 2086 petunt?

409 2093 581 2175 quod
625 2115 755 2155 303
801 2096 1015 2175 potest
1057 2093 1198 2155 vult
1240 2113 1429 2174 posse
1476 2092 1587 2175 qui
1632 2092 1903 2156 nimium
1949 2097 2178 2175 potest.
2314 2109 2418 2156 215

408 2180 564 2264 quid
610 2181 826 2244 deceat
872 2182 1001 2244 alto
1047 2179 1400 2263 praeditam
1446 2180 1609 2243 solio
1656 2180 1859 2245 vides:

408 2273 622 2333 metue
668 2291 739 2333 ac
785 2291 1000 2334 verere
1045 2273 1294 2351 sceptra
1338 2270 1679 2334 remeantis
1724 2270 1861 2335 viri.

408 2376 519 2421 ΡΗ.
565 2356 820 2421 Amoris
868 2359 936 2422 in
980 2380 1082 2423 me
1127 2360 1479 2423 maximum
1525 2380 1796 2443 regnum
1841 2362 1999 2441 puto

407 2447 776 2529 reditusque
820 2448 1032 2510 nullos
1079 2451 1321 2511 metuo:
1368 2469 1501 2511 non
1545 2469 1851 2531 umquam
1897 2448 2171 2531 amplius

411 2559 694 2601 convexa
738 2536 954 2621 tetigit
999 2558 1227 2620 supera
1271 2538 1383 2618 qui
1430 2558 1673 2601 mersus
1720 2539 1918 2602 semel
2318 2552 2421 2600 220

411 2626 570 2690 adiit
614 2626 907 2689 silentem
952 2629 1141 2690 nocte
1188 2629 1497 2709 perpetua
1542 2625 1820 2689 domum.

411 2732 616 2778 NVTR.
662 2712 763 2777 Ne
809 2714 990 2777 crede
1035 2713 1190 2778 Diti.
1283 2715 1583 2779 clauserit
1624 2736 1894 2799 regnum
1940 2715 2093 2780 licet

411 2805 712 2887 canisque
759 2802 927 2867 diras
973 2800 1236 2888 Stygius
1283 2803 1580 2868 observet
1620 2804 1818 2868 fores:

411 2895 586 2957 solus
631 2896 892 2976 negatas
938 2893 1183 2956 invenit
1227 2891 1509 2958 Theseus
1555 2892 1708 2957 vias.

411 3001 522 3045 ΡΗ.
566 2980 839 3046 Veniam
886 2982 994 3045 1113
1039 2982 1244 3045 amori
1286 2981 1558 3045 forsitan
1602 2984 1822 3046 nostro
1870 2981 2063 3046 dabit.
2321 2996 2423 3044 ⁶225

412 3088 618 3135 NVTR.
665 3069 938 3135 Immitis
985 3071 1179 3134 etiam
1226 3070 1487 3155 coniugi
1532 3074 1741 3135 castae
1787 3071 1937 3135 fnit:

554 3268 649 3314 108
697 3279 885 3317 omnes
921 3268 966 3315 A
1020 3265 1038 3331 ΙΙ
1091 3268 1189 3315 100
1234 3262 1427 3316 volans
1481 3278 1581 3331 per
1626 3262 1842 3316 caelum
1888 3268 1961 3315 Av
2013 3265 2032 3332 fl
2087 3268 2185 3315 201
2229 3262 2289 3315 in
2336 3279 2428 3315 su-

412 3334 561 3403 peris
579 3335 704 3402 Atfl
739 3339 842 3386 205
881 3337 1152 3403 appetens
1180 3339 1225 3386 A
1270 3337 1290 3404 η
1333 3339 1439 3387 200
1474 3334 1606 3389 hino
1642 3333 1744 3388 illa
1780 3336 1927 3393 Bmt
2041 3336 2065 3402 11
2110 3338 2213 3387 207
2254 3332 2428 3386 subii-t

414 3406 644 3473 Bentley
671 3407 688 3473 ΙΙ
715 3410 819 3457 208
848 3405 975 3458 vilis
1004 3405 1161 3459 cibus
1189 3411 1234 3458 A
1260 3405 1410 3459 ullus
1438 3405 1597 3458 cibus
1629 3412 1670 3457 Ε
1698 3421 1834 3459 corr.
1856 3406 1904 3458 I.
2010 3421 2151 3462 onov
2178 3406 2246 3474 (v.
2272 3404 2426 3457 3111113

425 3476 661 3543 Withof)
705 3478 725 3543 n
770 3481 876 3528 209
911 3475 1066 3529 venit
1100 3477 1332 3545 Bentley
1371 3479 1394 3545 Η
1435 3482 1535 3530 218
1574 3478 1837 3530 coement
1871 3475 2096 3529 modica
2130 3482 2173 3528 Ε
2207 3478 2429 3530 coercet

415 3545 636 3597 modico
673 3549 745 3596 Δτ
778 3549 801 3615 fl
827 3552 925 3599 216
961 3547 1240 3616 perditam
1275 3554 1317 3599 E
1351 3552 1360 3617 Ι
1391 3547 1519 3602 vide
1553 3548 1611 3602 Ο.
1643 3548 1918 3613 Rossbach
1949 3546 2374 3603 0011001336
2404 3546 2430 3618 Η

417 3619 513 3666 218
550 3630 782 3683 regnum
820 3616 937 3670 fero
973 3623 1018 3670 A
1044 3621 1195 3687 11222
1233 3619 1367 3673 ditis
1404 3624 1449 3671 A
1476 3622 1496 3688 Η
1523 3624 1629 3672 m
1665 3619 1911 3673 inveniet
1947 3636 1986 3673 τ
