2658 4117
369 266 497 328 174
1008 267 1067 319 L.
1098 266 1380 319 ANNAEI
1418 264 1743 319 SENECAE

364 412 653 495 ritusque
699 412 929 476 melius
974 412 1108 475 vita
1154 434 1317 494 quae
1364 413 1611 495 priscos
1657 414 1853 495 colat,

369 521 561 583 quam
609 522 770 584 quae
815 500 1055 564 relictis
1100 501 1442 565 moenibus
1487 501 1678 565 silvas
1725 506 1913 565 amat.
2279 516 2384 564 485

366 611 499 653 non
544 590 728 653 illum
775 612 1002 653 avarae
1046 591 1278 653 mentis
1326 590 1684 654 inflammat
1726 591 1905 654 furor

369 679 480 761 qui
526 700 593 742 se
639 679 876 743 dicavit
919 679 1236 743 montium
1283 679 1604 742 insontem
1651 680 1848 763 iugis,

367 789 499 831 non
543 789 697 830 aura
742 769 969 850 populi
1015 772 1079 831 et
1123 769 1356 853 vulgus
1403 769 1671 831 infidum
1719 768 1934 851 bonis,

368 878 499 920 non
544 857 853 939 pestilens
900 857 1165 938 invidia,
1210 877 1343 920 non
1387 856 1637 942 fragilis
1682 858 1888 942 favor3

369 966 501 1008 non
546 946 654 1009 ille
699 967 897 1030 regno
946 946 1142 1009 servit
1187 950 1299 1009 aut
1343 967 1543 1030 reg-no
1591 947 1929 1009 imminens
2281 962 2390 1011 490

369 1056 566 1098 vanos
610 1034 886 1098 honores
926 1035 1220 1117 sequitur
1263 1038 1376 1098 aut
1420 1035 1626 1098 fluxas
1674 1057 1827 1117 opes
1837 1088 1855 1121 ‚

372 1125 509 1206 spei
553 1128 888 1206 metusque
931 1122 1113 1205 liber,
1159 1123 1329 1186 haud
1376 1124 1560 1186 illum
1606 1125 1790 1209 niger

371 1212 657 1294 edaxque
702 1213 870 1275 livor
914 1212 1101 1275 dente
1148 1212 1445 1296 degeneri
1491 1213 1680 1295 petit3

370 1322 488 1364 nec
533 1302 769 1365 scelera
813 1301 1302 1383 populos-inter
1346 1304 1539 1383 atque
1583 1301 1772 1364 urbes
1820 1306 1956 1365 sata

371 1390 554 1453 novit
597 1412 716 1454 nec
762 1411 982 1454 omnes
1029 1390 1322 1454 conscius
1371 1391 1674 1472 strepitus
1719 1394 1911 1473 pavet
2279 1405 2387 1453 495

373 1483 484 1543 aut
528 1479 722 1543 verba
764 1480 980 1561 fingit3
1025 1479 1202 1541 mille
1247 1500 1380 1542 non
1428 1480 1677 1562 quaerit
1720 1480 1854 1564 tegi

374 1569 549 1632 dives
597 1568 911 1632 columnis
956 1588 1075 1631 nec
1119 1567 1332 1632 trabes
1379 1569 1584 1631 multo
1632 1569 1913 1632 insolens

375 1658 623 1743 suffigit
668 1678 850 1740 auro;
895 1679 1027 1721 non
1073 1676 1261 1720 cruor
1304 1658 1522 1742 largus
1568 1658 1706 1740 pias

374 1748 643 1810 inundat
688 1768 856 1827 aras,
898 1746 1084 1830 fruge
1129 1768 1247 1810 nec
1294 1747 1500 1828 sparsi
1544 1767 1722 1809 sacra

376 1841 640 1901 centena
683 1836 855 1899 nivei
901 1837 1066 1899 colla
1110 1836 1525 1898 summittunt
1568 1835 1789 1898 boves:
2287 1849 2392 1897 599

377 1926 486 1988 sed
530 1948 676 1988 rure
721 1946 922 1988 vacuo
969 1925 1216 2007 potitur
1261 1928 1325 1987 et
1372 1926 1593 2007 aperto
1641 1925 1894 1988 aethere

377 2016 690 2079 innocuus
737 2017 918 2078 errat.
1013 2014 1272 2078 callidas
1319 2017 1571 2077 tantum
1618 2014 1769 2077 feris

378 2105 684 2168 struxisse
729 2102 982 2167 fraudes
1028 2104 1210 2166 novit
1256 2107 1320 2166 et
1365 2104 1569 2167 fessus
1617 2104 1796 2187 gravi

376 2194 596 2257 labore
639 2193 827 2255 niveo
874 2212 1105 2274 corpus
1150 2189 1302 2255 Iliso
1349 2193 1551 2255 fovet:

376 2303 549 2346 nunc
594 2282 703 2344 ille
746 2281 954 2363 ripam
1002 2281 1223 2344 celeris
1264 2278 1503 2363 Alphei
1547 2282 1732 2366 legit,
2290 2293 2394 2342 505

378 2392 549 2435 nunc
594 2370 872 2433 nemoris
919 2370 1034 2432 alti
1080 2369 1272 2432 densa
1316 2373 1594 2434 metatur
1637 2371 1805 2451 loca,

378 2462 492 2524 ubi
535 2459 743 2524 Lerna
787 2480 950 2540 puro
997 2457 1210 2542 gelida
1255 2459 1540 2540 perlucet
1585 2459 1748 2522 vado
1758 2508 1775 2539 ,

382 2551 687 2630 sedesque
732 2551 968 2610 mutas:
1014 2547 1165 2609 hinc
1211 2569 1358 2610 aves
1406 2548 1705 2629 querulae
1749 2547 2030 2610 fremunt

382 2640 649 2719 ornique
694 2637 902 2700 ventis
946 2638 1088 2699 lene
1134 2658 1468 2717 percussae
1514 2640 1797 2700 tremunt

382 2732 751 2810 veteresque
796 2726 945 2809 fagi.
1039 2725 1201 2788 iuvit
1247 2729 1359 2788 aut
1404 2727 1609 2788 amnis
1656 2725 1803 2808 vagi
2291 2737 2394 2784 510

379 2817 686 2901 pressisse
729 2815 930 2897 ripas,
978 2815 1256 2897 caespite
1303 2819 1415 2877 aut
1459 2815 1631 2877 nudo
1677 2815 1848 2877 leves

383 2908 637 2971 duxisse
684 2925 970 2986 somnos,
1017 2904 1150 2966 sive
1195 2903 1341 2967 fons
1387 2905 1605 2987 largus
1652 2903 1809 2966 citas

362 2989 675 3060 'defundit
719 2993 921 3056 undas
968 2993 1100 3056 sive
1146 3015 1261 3074 per
1304 2992 1494 3055 flores
1539 3014 1740 3056 novos

525 3140 630 3187 499
667 3135 726 3187 et
761 3133 863 3200 (vel
899 3135 985 3202 ac)
1014 3136 1086 3184 Δτ
1130 3132 1387 3185 imminet
1414 3136 1459 3184 A
1486 3134 1504 3200 n
1531 3136 1638 3183 494
1674 3134 1843 3197 atque
1879 3129 2025 3182 inter
2053 3132 2124 3180 Av
2162 3130 2173 3197 1
2205 3127 2316 3181 sita
2343 3145 2398 3181 ω

384 3225 518 3262 corr.
550 3224 588 3259 τ
628 3206 727 3272 (N.
756 3205 1026 3258 Heinsius
1053 3220 1112 3272 p.
1145 3208 1240 3270 66)
1271 3205 1289 3271 ss
1316 3208 1423 3255 496
1459 3202 1613 3255 haud
1649 3203 1749 3268 (vel
1785 3203 1903 3268 aut)
1940 3205 1985 3253 A
2016 3203 2024 3268 Ι
2056 3198 2212 3253 mille
2246 3198 2400 3251 haud

385 3280 485 3346 (vel
533 3279 651 3346 aut)
698 3281 770 3329 A‘t
839 3278 858 3343 u
920 3280 1024 3327 498
1073 3274 1282 3328 sufficit
1326 3280 1370 3326 E
1433 3276 1451 3342 ΙΙ
1517 3279 1618 3326 593
1666 3273 1828 3342 graui
1883 3275 1970 3341 (gr
2021 3272 2085 3324 in
2126 3272 2257 3339 ras.)
2303 3275 2346 3322 E
2384 3275 2401 3330 Ji

387 3354 491 3401 594
529 3347 564 3401 l.
594 3347 719 3400 vivo
748 3347 984 3416 Rutyers
1006 3363 1061 3413 p.
1095 3350 1205 3400 602
1237 3349 1245 3414 Ι
1277 3345 1415 3398 eliso
1444 3352 1535 3399 Et
1563 3347 1581 3412 ΙΙ
1611 3350 1711 3396 595
1751 3342 2038 3397 celerisale
2065 3344 2123 3395 et
2144 3342 2287 3412 legit
2312 3346 2355 3393 E
2382 3339 2402 3411 Η

388 3426 489 3472 598
538 3420 837 3484 sedemque
881 3420 1067 3470 mutat
1104 3421 1149 3469 A
1195 3418 1466 3483 sedesque
1509 3418 1694 3468 mutat
1737 3422 1779 3467 Ε
1826 3431 1960 3469 corr.
2008 3416 2121 3469 Leo
2165 3414 2208 3466 I
2235 3415 2347 3467 223
2388 3409 2396 3481 Ι

386 3490 480 3542 hic
507 3494 552 3542 A
580 3495 597 3558 ΙΙ
626 3494 728 3541 599
764 3489 1018 3556 ramique
1045 3494 1088 3540 E
1122 3491 1129 3556 Ι
1161 3506 1213 3540 u.
1245 3487 1280 3542 1.
1310 3487 1560 3556 percussi
1597 3505 1652 3541 ω
1690 3503 1823 3540 corr.
1846 3487 1920 3540 N.
1942 3486 2211 3540 Heinsius
2230 3502 2288 3553 p.
2310 3486 2398 3536 67.

388 3562 586 3627 Peiper
630 3561 892 3613 traditam
947 3566 1130 3614 tuetwr
1183 3562 1512 3627 scripturam
1525 3602 1538 3626 ‚
1593 3575 1768 3611 unum
1815 3565 1941 3626 post
1986 3561 2088 3608 509
2143 3556 2402 3610 excidisse

388 3647 597 3684 versum
630 3635 787 3683 ratus
813 3633 831 3698 ΙΙ
860 3636 955 3682 519
990 3630 1154 3683 iuuat
1190 3649 1245 3685 ω
1282 3648 1416 3685 corr.
1452 3631 1518 3685 G.
1549 3631 1847 3685 Fabricius
