2658 4117
1117 244 1434 302 OCTAVIA
2159 246 2286 310 421

399 407 554 456 POP.
606 388 888 455 Confusa
931 390 1106 454 tristi
1151 390 1486 473 proximae
1532 390 1740 454 noctis
1786 394 1965 455 metu

262 479 560 563 visuque,
605 480 852 563 nutrix,
896 483 1112 543 mente
1157 480 1418 543 turbata
1462 480 1652 562 feror,

266 568 512 633 defecta
559 590 763 633 sensu.
853 568 1023 632 laeta
1068 589 1216 631 nam
1264 571 1609 650 postquam
1657 568 1791 632 dies

265 657 579 721 sideribus
625 658 780 721 atris
829 658 1018 721 cessit
1064 659 1128 720 et
1174 655 1353 720 nocti
1398 658 1613 740 polus,
2192 675 2292 723 715

264 746 434 810 inter
476 744 755 812 Neronis
801 746 1023 811 iuncta
1067 746 1441 828 complexus
1488 747 1616 809 mei

265 856 491 899 somno
538 833 849 921 resolvor3
894 856 1012 899 nec
1059 835 1169 898 diu
1216 835 1471 917 placida
1515 834 1645 898 frui

266 924 482 1006 quiete
524 923 726 1011 licuit.
817 923 955 987 visa
999 945 1146 986 nam
1195 922 1517 988 thalamos
1562 944 1740 988 meos

265 1012 582 1076 celebrare
627 1012 818 1076 turba
865 1016 963 1076 est
1008 1015 1277 1076 maesta:
1323 1013 1625 1077 resolutis
1672 1011 1872 1076 comis

262 1104 501 1165 matres
548 1099 815 1164 Latinae
860 1100 1105 1164 flebiles
1150 1101 1448 1184 planctus
1495 1099 1759 1185 dabant3
2193 1117 2295 1166 720

262 1189 432 1252 inter
474 1188 778 1252 tubarum
827 1210 1015 1272 saepe
1059 1189 1417 1253 terribilem
1465 1211 1694 1254 sonum

265 1298 552 1361 sparsam
600 1298 824 1341 cruore
871 1278 1164 1363 coniugis
1212 1279 1506 1363 genetrix
1552 1279 1679 1341 mei

260 1368 447 1431 vultu
494 1365 731 1430 minaci
777 1387 965 1430 saeva
1011 1364 1343 1449 quatiebat
1388 1366 1611 1431 facem.

263 1477 457 1538 quam
506 1454 657 1518 dum
705 1475 938 1536 sequor
984 1458 1204 1519 coacta
1250 1456 1571 1538 praesenti
1615 1459 1822 1538 metu,

263 1545 524 1607 diducta
569 1543 784 1607 subito
832 1543 1044 1626 patuit
1090 1544 1340 1629 ingenti
1386 1544 1548 1607 mihi
2193 1548 2293 1607 725

261 1633 456 1697 tellus
502 1631 714 1715 hiatu3
758 1633 892 1696 lata
938 1652 1066 1713 quo
1113 1653 1416 1715 praeceps
1462 1636 1640 1695 toros

265 1741 455 1784 cerno
501 1719 748 1804 iugales
793 1720 1034 1802 pariter
1078 1724 1143 1783 et
1188 1720 1390 1783 miror
1435 1740 1643 1802 meos,

262 1809 332 1873 in
379 1809 524 1891 quis
568 1807 763 1872 residi
807 1808 992 1872 fessa.
1084 1809 1446 1872 venientem
1493 1809 1714 1872 intuor
1972 1887 1976 1891 ᾗ

264 1898 615 1963 comitante
659 1897 852 1960 turba
898 1898 1238 1981 coniugem
1287 1896 1610 1979 quondam
1656 1918 1873 1960 meum

262 1990 640 2071 natumque3
686 1988 988 2069 properat
1033 1989 1248 2070 petere
1296 1985 1669 2069 complexus
1716 2006 1893 2049 meos
2186 2002 2290 2051 730

264 2073 635 2158 Crispinus,
678 2074 1045 2139 intermissa
1089 2075 1291 2139 libare
1339 2075 1585 2139 oscula:

262 2164 498 2247 irrupit
543 2164 713 2227 intra
757 2167 928 2227 tecta
975 2184 1121 2227 cum
1166 2164 1455 2246 trepidus
1502 2185 1645 2226 mea

264 2274 609 2336 ensemque
653 2250 877 2338 iugulo
925 2252 1212 2315 condidit
1257 2274 1518 2316 saevum
1564 2251 1757 2316 Nero,

262 2341 522 2405 tandem
573 2340 853 2422 quietem
899 2361 1172 2425 magnus
1220 2342 1499 2404 excussit
1547 2341 1768 2424 timor3

267 2430 481 2512 quatit
528 2449 673 2493 ossa
719 2433 784 2494 et
829 2433 1004 2493 artus
1050 2427 1351 2493 horridus
1397 2432 1654 2493 nostros
1699 2433 1943 2493 tremor
2189 2444 2290 2493 735

261 2518 609 2602 pulsatque
654 2522 908 2602 pectus;
956 2517 1244 2582 continet
1289 2539 1513 2582 vocem
1558 2517 1773 2601 timor,

262 2627 456 2689 quam
502 2627 675 2670 nunc
718 2606 878 2670 fides
923 2608 1258 2690 pietasque
1304 2606 1612 2690 produxit
1657 2609 1785 2670 tua.

259 2695 388 2759 heu
435 2695 591 2778 quid
639 2696 967 2759 minantur
1011 2695 1289 2759 inferum
1336 2717 1555 2759 manes
1601 2694 1763 2758 mihi

259 2788 373 2847 aut
420 2805 613 2867 quem
660 2805 952 2848 cruorem
1000 2784 1293 2868 coniugis
1339 2786 1472 2849 vidi
1517 2784 1687 2847 mei‘?

259 2890 466 2936 NVTR.
515 2871 965 2955 Quaecumque
1011 2874 1245 2937 mentis
1294 2874 1501 2959 agitat
1546 2874 1832 2937 intentus
1879 2872 2082 2956 vigor,
2190 2887 2293 2937 740

261 2982 336 3024 ea
380 2983 497 3045 per
543 2962 824 3044 quietem
873 2983 1050 3026 sacer
1095 2966 1158 3026 et
1205 2984 1475 3027 arcanus
1521 2961 1714 3026 refert

402 3176 502 3224 ⁰721
554 3171 590 3224 i.
648 3174 688 3226 t.
747 3174 946 3241 saepta
1017 3171 1260 3226 terribili
1335 3187 1469 3224 sono
1541 3171 1617 3225 N.
1666 3171 1937 3225 Heinsius
1995 3188 2052 3238 p.
2110 3174 2220 3224 509
2273 3173 2293 3240 u

257 3247 363 3295 ’128
401 3242 586 3296 resedi
627 3247 673 3294 A
718 3259 853 3299 corr.
902 3254 958 3310 ψ
1004 3245 1022 3312 ΙΙ
1068 3247 1167 3296 ’131
1211 3242 1484 3312 pristinus
1524 3246 1570 3293 A
1616 3258 1751 3296 corr.
1797 3260 1841 3295 α
1884 3242 1905 3313 Η
1950 3246 2055 3294 ’132
2092 3240 2289 3294 irrum-

256 3312 346 3382 pit
399 3318 445 3365 A
513 3315 711 3381 (nostri
773 3314 925 3369 codd.
993 3331 1198 3380 omme,
1262 3315 1378 3368 Leo
1438 3314 1585 3367 nihil
1647 3313 1899 3380 adnotat)
1965 3328 2099 3366 corr.
2161 3323 2217 3378 ψ
2272 3319 2292 3383 Η

256 3388 361 3437 ’136
401 3400 499 3438 ora
544 3388 590 3435 A
635 3400 770 3439 corr.
811 3385 1080 3440 Bucheler
1123 3386 1141 3453 ΙΙ
1187 3389 1290 3438 ’136
1337 3399 1530 3438 vocem
1577 3384 1675 3437 diu
1721 3384 1787 3438 ci.
1835 3385 1948 3438 Leo
1992 3385 2010 3452 ΙΙ
2056 3388 2161 3436 ’140
2206 3382 2291 3435 in-

254 3453 435 3508 festus
481 3459 527 3506 A
572 3471 707 3510 corr.
752 3457 972 3511 Gronov
1018 3456 1224 3525 (agitat
1272 3454 1424 3508 intra
1480 3457 1667 3509 aestus
1714 3454 1856 3525 vigil
1901 3455 1966 3509 ci.
2014 3456 2079 3509 de
2114 3454 2290 3509 Wila-

254 3527 496 3592 mowitz,
541 3524 815 3580 introrsus
860 3528 1060 3596 Peiper
1113 3526 1230 3582 coll.
1280 3526 1435 3580 Med.
1482 3530 1556 3581 47
1594 3529 1615 3597 ΙΙ
1654 3532 1753 3580 ’141
1797 3526 2011 3596 pariter
2056 3541 2292 3579 arcanus

253 3596 331 3650 N.
363 3597 636 3652 Heinsius
663 3615 722 3667 p.
762 3600 873 3652 512
