2658 4117
401 230 530 293 416
1271 225 1568 280 INCERTI

401 396 591 457 quem
640 373 695 436 si
740 372 956 435 fovere
1002 375 1196 453 atque
1242 372 1411 435 alere
1458 371 1752 454 desistas,
1800 370 1971 435 cadit

400 463 705 546 brevique
752 461 918 524 vires
964 461 1175 544 perdit
1222 461 1544 524 extinctus
1592 482 1755 523 suas.
2331 479 2442 528 565

399 570 558 616 NER.
595 550 783 614 Hanc
829 570 967 613 esse
1012 549 1182 613 vitae
1229 549 1576 612 maximam
1625 570 1881 612 causam
1929 570 2092 632 reor,

401 663 517 725 per
564 661 757 722 quam
803 639 1102 721 voluptas
1152 638 1384 720 oritur3
1430 638 1698 701 interitu
1745 641 1945 720 caret,

401 751 547 794 cum
594 731 967 812 procreetur
1011 748 1262 810 semper
1304 726 1660 789 humanum
1709 748 1910 811 genus

400 817 644 882 Amore
692 820 905 901 gram,
952 816 1064 899 qui
1109 819 1321 879 truces
1369 816 1610 878 mulcet
1655 816 1837 879 feras.

401 907 510 972 hic
554 905 717 969 mihi
762 905 1009 989 iugales
1057 905 1375 988 praeferat
1420 905 1636 968 taedas
1685 905 1839 968 deus
2330 922 2439 970 570

400 998 754 1080 iungatque
799 994 1038 1057 nostris
1084 995 1233 1078 igne
1279 993 1649 1076 Poppaeam
1694 994 1870 1057 toris,

388 1102 550 1150 sim.
597 1083 728 1148 Vix
776 1083 1085 1146 sustinere
1131 1082 1339 1164 possit
1382 1081 1502 1145 hos
1548 1081 1868 1146 thalamos
1915 1082 2100 1145 dolor
2202 1126 2207 1131 -

401 1173 616 1237 videre
662 1171 916 1255 populi,
964 1174 1183 1234 sancta
1227 1192 1349 1234 nec
1394 1171 1599 1254 pietas
1647 1171 1830 1234 sinat.

401 1279 560 1325 NER.
596 1260 1002 1324 Prohibebor
1044 1281 1211 1323 unus
1256 1259 1466 1323 facere
1514 1261 1687 1342 quod
1733 1260 1981 1324 cunctis
2027 1258 2249 1323 licet?

408 1367 556 1415 SEN.
601 1348 849 1413 Maiora
894 1348 1173 1432 populus
1222 1370 1475 1431 semper
1520 1370 1558 1410 a
1603 1369 1854 1412 summo
1903 1348 2120 1433 exigit.
2329 1364 2433 1412 575

403 1456 561 1502 NER.
598 1437 789 1502 Libet
835 1437 1138 1520 experiri,
1183 1436 1429 1500 viribus
1474 1436 1717 1500 fractus
1764 1437 1924 1500 meis

402 1550 488 1591 an
533 1527 717 1592 cedat
761 1526 992 1589 animis
1038 1529 1275 1589 temere
1323 1530 1673 1608 conceptus
1717 1524 1915 1589 favor.

405 1634 551 1681 SEN.
602 1614 966 1698 Obsequere
1012 1615 1229 1697 potius
1277 1614 1523 1678 civibus
1570 1614 1861 1696 placidus
1909 1615 2054 1677 tuis.

405 1722 562 1768 NER.
601 1704 772 1768 Male
818 1704 1186 1787 imperatur,
1233 1725 1381 1767 cum
1427 1703 1596 1787 regit
1640 1704 1874 1787 vulgus
1922 1702 2128 1768 duces.

405 1810 553 1859 SEN.
599 1791 786 1856 Nihil
830 1793 1173 1875 impetrare
1218 1812 1365 1855 cum
1413 1791 1611 1873 valet,
1657 1790 1822 1855 iuste
1869 1790 2060 1856 dolet.
2332 1807 2437 1857 580

403 1900 561 1946 NER.
599 1881 977 1965 Exprimere
1024 1882 1124 1944 ius
1171 1884 1295 1962 est,
1348 1881 1515 1944 ferre
1571 1880 1744 1962 quod
1797 1884 2126 1962 nequeunt
2169 1882 2438 1964 preces?

405 1988 552 2035 SEN.
600 1969 856 2055 Negare
903 1969 1133 2033 durum
1180 1973 1292 2033 est.
1386 1986 1541 2032 NER.
1586 1968 1950 2052 Principem
2000 1969 2147 2053 cogi
2191 1969 2390 2034 nefas.

407 2077 554 2125 SEN.
602 2057 917 2123 Remittat
962 2058 1117 2143 ipse.
1209 2076 1366 2122 NER.
1413 2056 1612 2122 Fama
1659 2060 1770 2122 sed
1814 2058 2057 2123 victum
2103 2060 2282 2123 feret.

407 2166 553 2214 SEN.
601 2147 789 2211 Levis
837 2151 1028 2231 atque
1073 2170 1254 2211 vana.
1346 2165 1503 2210 NER.
1557 2144 1657 2210 Sit
1700 2147 1880 2229 licet,
1935 2147 2175 2211 multos
2231 2151 2439 2213 notat.

407 2254 554 2303 SEN.
602 2236 874 2301 Excelsa
903 2237 1148 2300 metuit.
1206 2253 1363 2300 NER.
1393 2233 1547 2300 Non
1573 2235 1786 2299 minus
1817 2237 2024 2319 carpit
2050 2241 2284 2301 tamen.
2332 2253 2437 2302 585

408 2342 555 2390 SEN.
602 2324 816 2389 Facile
864 2326 1283 2408 opprimetur.
1375 2325 1603 2388 merita
1648 2328 1713 2388 te
1760 2325 1892 2388 divi
1938 2325 2139 2408 patris

407 2418 708 2497 aetasque
753 2415 1011 2498 frangat
1056 2414 1376 2498 coniugis,
1421 2413 1712 2498 probitas
1758 2415 1981 2496 pudor.

405 2522 562 2567 NER.
600 2503 855 2567 Desiste
903 2503 1188 2585 tandem,
1233 2503 1362 2566 iam
1409 2503 1623 2587 gravis
1669 2503 1943 2565 nimium
1990 2501 2177 2584 mihi,

406 2594 671 2656 instare:
716 2593 908 2657 liceat
951 2592 1160 2655 facere
1208 2592 1381 2674 quod
1429 2587 1671 2656 Seneca
1717 2591 2055 2675 improbat.

407 2685 472 2745 et
518 2683 655 2765 ipse
702 2679 929 2764 populi
975 2684 1126 2744 vota
1170 2680 1299 2743 iam
1346 2680 1595 2763 pridem
1642 2701 1875 2763 moror,
2334 2697 2436 2745 590

408 2791 555 2833 cum
602 2773 815 2853 portet
859 2772 1041 2833 utero
1088 2770 1324 2854 pignus
1373 2772 1437 2832 et
1480 2772 1728 2852 partem
1775 2769 1919 2833 mei.

408 2859 566 2941 quin
611 2858 1005 2922 destinamus
1053 2858 1418 2941 proximum
1464 2857 1766 2922 thalamis
1814 2858 2024 2922 diem?

550 3073 653 3121 566
666 3100 732 3107 —-
746 3073 850 3121 569
889 3067 1116 3122 Senecae
1152 3068 1550 3123 continuantur
1598 3072 1644 3119 A
1690 3069 1906 3123 Neroni
1954 3068 2277 3122 tribuuntur
2325 3080 2383 3134 ψ
2419 3069 2440 3141 ΙΙ

411 3146 515 3194 572
551 3142 742 3209 posset
778 3143 824 3190 A
860 3156 995 3193 corr.
1034 3150 1090 3205 ψ
1119 3141 1137 3209 ΙΙ
1174 3143 1276 3192 573
1314 3139 1564 3205 fidesque
1600 3156 1728 3208 pop.
1765 3139 1841 3194 N.
1872 3140 2141 3194 Heinsius
2177 3156 2237 3208 p.
2270 3143 2385 3194 508
2427 3142 2433 3212 Ι

407 3211 553 3265 sinet
570 3222 626 3277 ψ
654 3214 672 3280 ΙΙ
702 3215 806 3263 574
833 3210 1132 3279 prohibeor
1149 3221 1205 3276 ψ
1231 3210 1249 3281 ΙΙ
1278 3215 1381 3263 576
1410 3209 1622 3263 fractus
1650 3211 1734 3264 vel
1760 3209 1955 3263 fractis
1983 3214 2029 3261 A
2062 3210 2131 3276 ef.
2147 3210 2264 3278 prs.
2288 3211 2322 3264 l.
2343 3228 2401 3265 n.
2423 3213 2440 3281 ΙΙ

397 3287 509 3335 577
550 3299 700 3336 conc.
739 3281 894 3335 furor
929 3300 973 3335 α
1013 3284 1032 3350 ΙΙ
1074 3285 1176 3333 583
1215 3281 1511 3350 permittat
1546 3292 1602 3347 ψ
1641 3281 1710 3347 ef.
1741 3282 1859 3349 prs.
1901 3282 1933 3334 l.
1972 3298 2027 3334 n.
2075 3284 2093 3350 ss
2145 3286 2246 3334 587
2286 3281 2441 3335 fran-

402 3355 546 3421 gant
581 3364 637 3419 ψ
665 3356 684 3422 ΙΙ
713 3358 816 3405 590
854 3369 924 3406 911
958 3363 1014 3418 ψ
1048 3355 1055 3421 Ι
1088 3352 1205 3405 iam
1240 3352 1458 3421 pridem
1497 3355 1555 3406 et
1590 3352 1711 3421 ipse
1749 3355 1881 3406 vota
1918 3351 2216 3421 Poppaeae
2252 3370 2443 3407 moror

404 3424 673 3478 Bucheler
719 3426 775 3477 et
812 3423 933 3492 ipse
969 3423 1198 3507 propria
1232 3424 1429 3492 Peiper
