<?xml version="1.0" encoding="UTF-8"?>
<!DOCTYPE html PUBLIC "-//W3C//DTD XHTML 1.0 Transitional//EN"
    "http://www.w3.org/TR/xhtml1/DTD/xhtml1-transitional.dtd">
<html xmlns="http://www.w3.org/1999/xhtml" xml:lang="en" lang="en">
 <head>
  <title>
</title>
<meta http-equiv="Content-Type" content="text/html;charset=utf-8" />
  <meta name='ocr-system' content='tesseract 3.04.00' />
  <meta name='ocr-capabilities' content='ocr_page ocr_carea ocr_par ocr_line ocrx_word'/>
</head>
<body>
  <div class='ocr_page' id='page_1' title='image "./senecaetragoedi00senegoog_0128.png"; bbox 0 0 2658 4117; ppageno 0'>
   <div class='ocr_carea' id='block_1_1' title="bbox 426 242 1797 309">
    <p class='ocr_par' dir='ltr' id='par_1_1' title="bbox 426 242 1797 309">
     <span class='ocr_line' id='line_1_1' title="bbox 426 242 1797 309; baseline 0 -13"><span class='ocrx_word' id='word_1_1' title='bbox 426 245 509 309; x_wconf 85' lang='lat'>76</span> <span class='ocrx_word' id='word_1_2' title='bbox 1062 245 1121 299; x_wconf 85' lang='lat' dir='ltr'>L.</span> <span class='ocrx_word' id='word_1_3' title='bbox 1151 243 1433 297; x_wconf 82' lang='lat' dir='ltr'>ANNAEI</span> <span class='ocrx_word' id='word_1_4' title='bbox 1471 242 1797 298; x_wconf 78' lang='lat' dir='ltr'>SENECAE</span> 
     </span>
    </p>
   </div>
   <div class='ocr_carea' id='block_1_2' title="bbox 422 387 2465 3136">
    <p class='ocr_par' dir='ltr' id='par_1_2' title="bbox 422 387 2446 562">
     <span class='ocr_line' id='line_1_2' title="bbox 422 387 2446 473; baseline -0.001 -18"><span class='ocrx_word' id='word_1_5' title='bbox 422 391 531 455; x_wconf 87' lang='lat' dir='ltr'>hic</span> <span class='ocrx_word' id='word_1_6' title='bbox 577 390 921 454; x_wconf 72' lang='lat' dir='ltr'>excitabit?</span> <span class='ocrx_word' id='word_1_7' title='bbox 968 391 1090 454; x_wconf 91' lang='lat' dir='ltr'>hae</span> <span class='ocrx_word' id='word_1_8' title='bbox 1134 411 1361 452; x_wconf 89' lang='lat' dir='ltr'>manus</span> <span class='ocrx_word' id='word_1_9' title='bbox 1406 387 1665 452; x_wconf 83' lang='lat' dir='ltr'>Troiam</span> <span class='ocrx_word' id='word_1_10' title='bbox 1711 388 2001 473; x_wconf 73' lang='lat' dir='ltr'>erigent?</span> <span class='ocrx_word' id='word_1_11' title='bbox 2335 404 2446 453; x_wconf 76' lang='lat'>740</span> 
     </span>
     <span class='ocr_line' id='line_1_3' title="bbox 424 475 1886 562; baseline -0.002 -19"><span class='ocrx_word' id='word_1_12' title='bbox 424 481 633 543; x_wconf 86' lang='lat' dir='ltr'>nullas</span> <span class='ocrx_word' id='word_1_13' title='bbox 677 478 872 543; x_wconf 90' lang='lat' dir='ltr'>habet</span> <span class='ocrx_word' id='word_1_14' title='bbox 918 501 1061 562; x_wconf 90' lang='lat' dir='ltr'>spes</span> <span class='ocrx_word' id='word_1_15' title='bbox 1107 478 1325 560; x_wconf 86' lang='lat' dir='ltr'>Troia,</span> <span class='ocrx_word' id='word_1_16' title='bbox 1372 478 1427 541; x_wconf 92' lang='lat' dir='ltr'>si</span> <span class='ocrx_word' id='word_1_17' title='bbox 1471 479 1631 541; x_wconf 90' lang='lat' dir='ltr'>tales</span> <span class='ocrx_word' id='word_1_18' title='bbox 1675 475 1886 540; x_wconf 88' lang='lat' dir='ltr'>habet.</span> 
     </span>
    </p>

    <p class='ocr_par' dir='ltr' id='par_1_3' title="bbox 424 567 2000 649">
     <span class='ocr_line' id='line_1_4' title="bbox 424 567 2000 649; baseline -0.002 -18"><span class='ocrx_word' id='word_1_19' title='bbox 424 590 557 632; x_wconf 93' lang='lat' dir='ltr'>non</span> <span class='ocrx_word' id='word_1_20' title='bbox 602 568 692 631; x_wconf 88' lang='lat' dir='ltr'>sic</span> <span class='ocrx_word' id='word_1_21' title='bbox 737 568 1016 631; x_wconf 89' lang='lat' dir='ltr'>iacemus</span> <span class='ocrx_word' id='word_1_22' title='bbox 1061 567 1256 630; x_wconf 87' lang='lat' dir='ltr'>Troes</span> <span class='ocrx_word' id='word_1_23' title='bbox 1266 617 1284 649; x_wconf 92' lang='lat'>,</span> <span class='ocrx_word' id='word_1_24' title='bbox 1328 570 1403 631; x_wconf 90' lang='lat' dir='ltr'>ut</span> <span class='ocrx_word' id='word_1_25' title='bbox 1449 567 1745 648; x_wconf 88' lang='lat' dir='ltr'>cuiquam</span> <span class='ocrx_word' id='word_1_26' title='bbox 1792 571 2000 630; x_wconf 90' lang='lat' dir='ltr'>metus</span> 
     </span>
    </p>

    <p class='ocr_par' dir='ltr' id='par_1_4' title="bbox 425 654 1839 740">
     <span class='ocr_line' id='line_1_5' title="bbox 425 654 1839 740; baseline -0.001 -20"><span class='ocrx_word' id='word_1_27' title='bbox 425 657 744 740; x_wconf 90' lang='lat' dir='ltr'>possimus</span> <span class='ocrx_word' id='word_1_28' title='bbox 791 678 943 720; x_wconf 90' lang='lat' dir='ltr'>esse.</span> <span class='ocrx_word' id='word_1_29' title='bbox 1034 656 1296 739; x_wconf 89' lang='lat' dir='ltr'>spiritus</span> <span class='ocrx_word' id='word_1_30' title='bbox 1346 656 1599 740; x_wconf 85' lang='lat' dir='ltr'>genitor</span> <span class='ocrx_word' id='word_1_31' title='bbox 1642 654 1839 718; x_wconf 77' lang='lat' dir='ltr'>facit?</span> 
     </span>
    </p>

    <p class='ocr_par' dir='ltr' id='par_1_5' title="bbox 426 742 2064 828">
     <span class='ocr_line' id='line_1_6' title="bbox 426 742 2064 828; baseline -0.002 -20"><span class='ocrx_word' id='word_1_32' title='bbox 426 745 536 808; x_wconf 91' lang='lat' dir='ltr'>sed</span> <span class='ocrx_word' id='word_1_33' title='bbox 580 766 809 828; x_wconf 81' lang='lat' dir='ltr'>nempe</span> <span class='ocrx_word' id='word_1_34' title='bbox 852 749 1111 808; x_wconf 67' lang='lat' dir='ltr'>tractus</span> <span class='ocrx_word' id='word_1_35' title='bbox 1201 745 1339 827; x_wconf 89' lang='lat' dir='ltr'>ipse</span> <span class='ocrx_word' id='word_1_36' title='bbox 1385 748 1534 827; x_wconf 88' lang='lat' dir='ltr'>post</span> <span class='ocrx_word' id='word_1_37' title='bbox 1577 742 1837 806; x_wconf 83' lang='lat' dir='ltr'>Troiam</span> <span class='ocrx_word' id='word_1_38' title='bbox 1882 747 2064 826; x_wconf 87' lang='lat' dir='ltr'>pater</span> 
     </span>
    </p>

    <p class='ocr_par' dir='ltr' id='par_1_6' title="bbox 426 832 2447 1006">
     <span class='ocr_line' id='line_1_7' title="bbox 426 832 2447 918; baseline -0.001 -22"><span class='ocrx_word' id='word_1_39' title='bbox 426 834 744 916; x_wconf 75' lang='lat' dir='ltr'>posuisset</span> <span class='ocrx_word' id='word_1_40' title='bbox 788 834 1035 897; x_wconf 91' lang='lat' dir='ltr'>animos</span> <span class='ocrx_word' id='word_1_41' title='bbox 1046 885 1063 918; x_wconf 95' lang='lat'>,</span> <span class='ocrx_word' id='word_1_42' title='bbox 1107 853 1343 917; x_wconf 84' lang='lat' dir='ltr'>magna</span> <span class='ocrx_word' id='word_1_43' title='bbox 1389 853 1548 915; x_wconf 91' lang='lat' dir='ltr'>quos</span> <span class='ocrx_word' id='word_1_44' title='bbox 1591 832 1898 916; x_wconf 75' lang='lat' dir='ltr'>frangunt</span> <span class='ocrx_word' id='word_1_45' title='bbox 1942 833 2126 895; x_wconf 85' lang='lat' dir='ltr'>mala.</span> <span class='ocrx_word' id='word_1_46' title='bbox 2337 847 2447 894; x_wconf 72' lang='lat'>746</span> 
     </span>
     <span class='ocr_line' id='line_1_8' title="bbox 426 918 2083 1006; baseline -0.001 -21"><span class='ocrx_word' id='word_1_47' title='bbox 426 923 482 985; x_wconf 90' lang='lat' dir='ltr'>si</span> <span class='ocrx_word' id='word_1_48' title='bbox 526 943 733 1005; x_wconf 91' lang='lat' dir='ltr'>poena</span> <span class='ocrx_word' id='word_1_49' title='bbox 777 923 1035 1005; x_wconf 87' lang='lat' dir='ltr'>petitur,</span> <span class='ocrx_word' id='word_1_50' title='bbox 1082 919 1274 1006; x_wconf 88' lang='lat' dir='ltr'>(quae</span> <span class='ocrx_word' id='word_1_51' title='bbox 1319 922 1455 1004; x_wconf 89' lang='lat' dir='ltr'>peti</span> <span class='ocrx_word' id='word_1_52' title='bbox 1501 921 1756 1006; x_wconf 82' lang='lat' dir='ltr'>gravior</span> <span class='ocrx_word' id='word_1_53' title='bbox 1800 925 2013 1003; x_wconf 88' lang='lat' dir='ltr'>potest</span> <span class='ocrx_word' id='word_1_54' title='bbox 2022 918 2083 1006; x_wconf 68' lang='lat' dir='ltr'>P)</span> 
     </span>
    </p>

    <p class='ocr_par' dir='ltr' id='par_1_7' title="bbox 426 1010 1770 1095">
     <span class='ocr_line' id='line_1_9' title="bbox 426 1010 1770 1095; baseline -0.001 -21"><span class='ocrx_word' id='word_1_55' title='bbox 426 1010 735 1074; x_wconf 82' lang='lat' dir='ltr'>famulare</span> <span class='ocrx_word' id='word_1_56' title='bbox 783 1012 951 1075; x_wconf 89' lang='lat' dir='ltr'>collo</span> <span class='ocrx_word' id='word_1_57' title='bbox 996 1011 1203 1074; x_wconf 90' lang='lat' dir='ltr'>nobili</span> <span class='ocrx_word' id='word_1_58' title='bbox 1249 1011 1474 1074; x_wconf 88' lang='lat' dir='ltr'>subeat</span> <span class='ocrx_word' id='word_1_59' title='bbox 1512 1011 1770 1095; x_wconf 85' lang='lat' dir='ltr'>iugum,</span> 
     </span>
    </p>

    <p class='ocr_par' dir='ltr' id='par_1_8' title="bbox 430 1098 1872 1183">
     <span class='ocr_line' id='line_1_10' title="bbox 430 1098 1872 1183; baseline -0.002 -20"><span class='ocrx_word' id='word_1_60' title='bbox 430 1100 665 1163; x_wconf 88' lang='lat' dir='ltr'>servire</span> <span class='ocrx_word' id='word_1_61' title='bbox 709 1099 915 1163; x_wconf 85' lang='lat' dir='ltr'>liceat.</span> <span class='ocrx_word' id='word_1_62' title='bbox 1008 1098 1239 1181; x_wconf 86' lang='lat' dir='ltr'>aliquis</span> <span class='ocrx_word' id='word_1_63' title='bbox 1284 1098 1411 1163; x_wconf 90' lang='lat' dir='ltr'>hoc</span> <span class='ocrx_word' id='word_1_64' title='bbox 1453 1099 1592 1183; x_wconf 85' lang='lat' dir='ltr'>regi</span> <span class='ocrx_word' id='word_1_65' title='bbox 1635 1098 1872 1183; x_wconf 75' lang='lat' dir='ltr'>negat?</span> 
     </span>
    </p>

    <p class='ocr_par' dir='ltr' id='par_1_9' title="bbox 427 1185 2174 1272">
     <span class='ocr_line' id='line_1_11' title="bbox 427 1185 2174 1272; baseline -0.002 -21"><span class='ocrx_word' id='word_1_66' title='bbox 427 1205 613 1251; x_wconf 78' lang='lat' dir='ltr'>VLIX.</span> <span class='ocrx_word' id='word_1_67' title='bbox 658 1186 814 1252; x_wconf 89' lang='lat' dir='ltr'>Non</span> <span class='ocrx_word' id='word_1_68' title='bbox 856 1188 983 1252; x_wconf 91' lang='lat' dir='ltr'>hoc</span> <span class='ocrx_word' id='word_1_69' title='bbox 1026 1186 1277 1270; x_wconf 80' lang='lat' dir='ltr'>Vlixes,</span> <span class='ocrx_word' id='word_1_70' title='bbox 1328 1188 1440 1251; x_wconf 88' lang='lat' dir='ltr'>sed</span> <span class='ocrx_word' id='word_1_71' title='bbox 1483 1191 1678 1272; x_wconf 86' lang='lat' dir='ltr'>negat</span> <span class='ocrx_word' id='word_1_72' title='bbox 1725 1185 1990 1250; x_wconf 85' lang='lat' dir='ltr'>Calchas</span> <span class='ocrx_word' id='word_1_73' title='bbox 2036 1186 2174 1250; x_wconf 89' lang='lat' dir='ltr'>tibi.</span> 
     </span>
    </p>

    <p class='ocr_par' dir='ltr' id='par_1_10' title="bbox 427 1274 2449 1447">
     <span class='ocr_line' id='line_1_12' title="bbox 427 1274 2449 1357; baseline -0 -18"><span class='ocrx_word' id='word_1_74' title='bbox 427 1293 635 1340; x_wconf 79' lang='lat' dir='ltr'>ANDR.</span> <span class='ocrx_word' id='word_1_75' title='bbox 685 1275 737 1340; x_wconf 88' lang='lat' dir='ltr'>O</span> <span class='ocrx_word' id='word_1_76' title='bbox 784 1276 1185 1341; x_wconf 80' lang='lat' dir='ltr'>machinator</span> <span class='ocrx_word' id='word_1_77' title='bbox 1227 1276 1472 1340; x_wconf 71' lang='lat' dir='ltr'>fraudis</span> <span class='ocrx_word' id='word_1_78' title='bbox 1519 1280 1584 1339; x_wconf 89' lang='lat' dir='ltr'>et</span> <span class='ocrx_word' id='word_1_79' title='bbox 1629 1277 1937 1340; x_wconf 90' lang='lat' dir='ltr'>scelerum</span> <span class='ocrx_word' id='word_1_80' title='bbox 1970 1274 2238 1357; x_wconf 82' lang='lat' dir='ltr'>artifex,</span> <span class='ocrx_word' id='word_1_81' title='bbox 2340 1288 2449 1338; x_wconf 77' lang='lat'>750</span> 
     </span>
     <span class='ocr_line' id='line_1_13' title="bbox 428 1365 1711 1447; baseline -0.002 -18"><span class='ocrx_word' id='word_1_82' title='bbox 428 1365 666 1429; x_wconf 83' lang='lat' dir='ltr'>virtute</span> <span class='ocrx_word' id='word_1_83' title='bbox 712 1366 893 1429; x_wconf 90' lang='lat' dir='ltr'>cuius</span> <span class='ocrx_word' id='word_1_84' title='bbox 940 1366 1171 1429; x_wconf 86' lang='lat' dir='ltr'>bellica</span> <span class='ocrx_word' id='word_1_85' title='bbox 1214 1386 1404 1429; x_wconf 88' lang='lat' dir='ltr'>nemo</span> <span class='ocrx_word' id='word_1_86' title='bbox 1453 1365 1711 1447; x_wconf 83' lang='lat' dir='ltr'>occidit,</span> 
     </span>
    </p>

    <p class='ocr_par' dir='ltr' id='par_1_11' title="bbox 431 1454 1805 1522">
     <span class='ocr_line' id='line_1_14' title="bbox 431 1454 1805 1522; baseline 0.003 -4"><span class='ocrx_word' id='word_1_87' title='bbox 431 1455 595 1518; x_wconf 90' lang='lat' dir='ltr'>dolis</span> <span class='ocrx_word' id='word_1_88' title='bbox 641 1458 706 1518; x_wconf 91' lang='lat' dir='ltr'>et</span> <span class='ocrx_word' id='word_1_89' title='bbox 751 1458 894 1518; x_wconf 90' lang='lat' dir='ltr'>astu</span> <span class='ocrx_word' id='word_1_90' title='bbox 938 1455 1266 1518; x_wconf 87' lang='lat' dir='ltr'>maleficae</span> <span class='ocrx_word' id='word_1_91' title='bbox 1311 1455 1548 1517; x_wconf 88' lang='lat' dir='ltr'>mentis</span> <span class='ocrx_word' id='word_1_92' title='bbox 1593 1454 1805 1522; x_wconf 75' lang='lat' dir='ltr'>iacent</span> 
     </span>
    </p>

    <p class='ocr_par' dir='ltr' id='par_1_12' title="bbox 431 1542 1845 1629">
     <span class='ocr_line' id='line_1_15' title="bbox 431 1542 1845 1629; baseline -0.001 -23"><span class='ocrx_word' id='word_1_93' title='bbox 431 1543 624 1606; x_wconf 89' lang='lat' dir='ltr'>etiam</span> <span class='ocrx_word' id='word_1_94' title='bbox 668 1542 951 1629; x_wconf 84' lang='lat' dir='ltr'>Pelasgi,</span> <span class='ocrx_word' id='word_1_95' title='bbox 992 1547 1206 1607; x_wconf 81' lang='lat' dir='ltr'>vatem</span> <span class='ocrx_word' id='word_1_96' title='bbox 1253 1547 1318 1607; x_wconf 91' lang='lat' dir='ltr'>et</span> <span class='ocrx_word' id='word_1_97' title='bbox 1363 1543 1648 1606; x_wconf 88' lang='lat' dir='ltr'>insontes</span> <span class='ocrx_word' id='word_1_98' title='bbox 1695 1543 1845 1605; x_wconf 88' lang='lat' dir='ltr'>deos</span> 
     </span>
    </p>

    <p class='ocr_par' dir='ltr' id='par_1_13' title="bbox 431 1631 1924 1715">
     <span class='ocr_line' id='line_1_16' title="bbox 431 1631 1924 1715; baseline -0.001 -21"><span class='ocrx_word' id='word_1_99' title='bbox 431 1632 837 1715; x_wconf 51' lang='lat' dir='ltr'>praetendis}&gt;</span> <span class='ocrx_word' id='word_1_100' title='bbox 881 1631 1007 1696; x_wconf 91' lang='lat' dir='ltr'>hoc</span> <span class='ocrx_word' id='word_1_101' title='bbox 1052 1636 1148 1696; x_wconf 88' lang='lat' dir='ltr'>est</span> <span class='ocrx_word' id='word_1_102' title='bbox 1193 1632 1470 1715; x_wconf 79' lang='lat' dir='ltr'>pectoris</span> <span class='ocrx_word' id='word_1_103' title='bbox 1516 1631 1764 1696; x_wconf 86' lang='lat' dir='ltr'>facinus</span> <span class='ocrx_word' id='word_1_104' title='bbox 1810 1631 1924 1693; x_wconf 87' lang='lat' dir='ltr'>tui.</span> 
     </span>
    </p>

    <p class='ocr_par' dir='ltr' id='par_1_14' title="bbox 430 1721 2456 1893">
     <span class='ocr_line' id='line_1_17' title="bbox 430 1721 2456 1804; baseline -0.001 -21"><span class='ocrx_word' id='word_1_105' title='bbox 430 1726 742 1786; x_wconf 81' lang='lat' dir='ltr'>nocturne</span> <span class='ocrx_word' id='word_1_106' title='bbox 788 1721 997 1804; x_wconf 91' lang='lat' dir='ltr'>miles,</span> <span class='ocrx_word' id='word_1_107' title='bbox 1041 1721 1228 1785; x_wconf 86' lang='lat' dir='ltr'>fortis</span> <span class='ocrx_word' id='word_1_108' title='bbox 1274 1722 1345 1784; x_wconf 89' lang='lat' dir='ltr'>in</span> <span class='ocrx_word' id='word_1_109' title='bbox 1389 1721 1572 1804; x_wconf 90' lang='lat' dir='ltr'>pueri</span> <span class='ocrx_word' id='word_1_110' title='bbox 1617 1741 1838 1784; x_wconf 91' lang='lat' dir='ltr'>necem</span> <span class='ocrx_word' id='word_1_111' title='bbox 2346 1732 2456 1780; x_wconf 74' lang='lat'>755</span> 
     </span>
     <span class='ocr_line' id='line_1_18' title="bbox 433 1809 1802 1893; baseline -0.001 -21"><span class='ocrx_word' id='word_1_112' title='bbox 433 1810 561 1873; x_wconf 88' lang='lat' dir='ltr'>iam</span> <span class='ocrx_word' id='word_1_113' title='bbox 608 1811 781 1873; x_wconf 90' lang='lat' dir='ltr'>solus</span> <span class='ocrx_word' id='word_1_114' title='bbox 828 1810 1021 1873; x_wconf 87' lang='lat' dir='ltr'>audes</span> <span class='ocrx_word' id='word_1_115' title='bbox 1066 1810 1312 1893; x_wconf 86' lang='lat' dir='ltr'>aliquid</span> <span class='ocrx_word' id='word_1_116' title='bbox 1349 1813 1421 1872; x_wconf 87' lang='lat' dir='ltr'>et</span> <span class='ocrx_word' id='word_1_117' title='bbox 1467 1810 1638 1872; x_wconf 89' lang='lat' dir='ltr'>claro</span> <span class='ocrx_word' id='word_1_118' title='bbox 1686 1809 1802 1871; x_wconf 89' lang='lat' dir='ltr'>die.</span> 
     </span>
    </p>

    <p class='ocr_par' dir='ltr' id='par_1_15' title="bbox 434 1897 2043 1962">
     <span class='ocr_line' id='line_1_19' title="bbox 434 1897 2043 1962; baseline -0.001 -2"><span class='ocrx_word' id='word_1_119' title='bbox 434 1915 618 1961; x_wconf 84' lang='lat' dir='ltr'><strong>VLIX.</strong></span> <span class='ocrx_word' id='word_1_120' title='bbox 667 1897 891 1962; x_wconf 91' lang='lat' dir='ltr'>Virtus</span> <span class='ocrx_word' id='word_1_121' title='bbox 936 1897 1149 1962; x_wconf 83' lang='lat' dir='ltr'>Vlixis</span> <span class='ocrx_word' id='word_1_122' title='bbox 1195 1898 1503 1962; x_wconf 87' lang='lat' dir='ltr'>Danaidis</span> <span class='ocrx_word' id='word_1_123' title='bbox 1547 1901 1702 1961; x_wconf 90' lang='lat' dir='ltr'>nota</span> <span class='ocrx_word' id='word_1_124' title='bbox 1747 1900 1843 1960; x_wconf 91' lang='lat' dir='ltr'>est</span> <span class='ocrx_word' id='word_1_125' title='bbox 1890 1897 2043 1959; x_wconf 90' lang='lat' dir='ltr'>satis</span> 
     </span>
    </p>

    <p class='ocr_par' dir='ltr' id='par_1_16' title="bbox 432 1984 2071 2073">
     <span class='ocr_line' id='line_1_20' title="bbox 432 1984 2071 2073; baseline -0.002 -23"><span class='ocrx_word' id='word_1_126' title='bbox 432 1987 751 2070; x_wconf 87' lang='lat' dir='ltr'>nimisque</span> <span class='ocrx_word' id='word_1_127' title='bbox 796 1986 1179 2073; x_wconf 85' lang='lat' dir='ltr'>Phrygibus.</span> <span class='ocrx_word' id='word_1_128' title='bbox 1270 2008 1404 2050; x_wconf 92' lang='lat' dir='ltr'>non</span> <span class='ocrx_word' id='word_1_129' title='bbox 1448 1990 1634 2051; x_wconf 84' lang='lat' dir='ltr'>vacat</span> <span class='ocrx_word' id='word_1_130' title='bbox 1678 1986 1858 2049; x_wconf 87' lang='lat' dir='ltr'>vanis</span> <span class='ocrx_word' id='word_1_131' title='bbox 1904 1984 2071 2048; x_wconf 89' lang='lat' dir='ltr'>diem</span> 
     </span>
    </p>

    <p class='ocr_par' dir='ltr' id='par_1_17' title="bbox 438 2076 1848 2161">
     <span class='ocr_line' id='line_1_21' title="bbox 438 2076 1848 2161; baseline -0.002 -20"><span class='ocrx_word' id='word_1_132' title='bbox 438 2080 765 2141; x_wconf 90' lang='lat' dir='ltr'>conterere</span> <span class='ocrx_word' id='word_1_133' title='bbox 810 2076 1048 2140; x_wconf 81' lang='lat' dir='ltr'>verbis:</span> <span class='ocrx_word' id='word_1_134' title='bbox 1094 2098 1360 2141; x_wconf 87' lang='lat' dir='ltr'>ancoras</span> <span class='ocrx_word' id='word_1_135' title='bbox 1408 2076 1627 2140; x_wconf 90' lang='lat' dir='ltr'>classis</span> <span class='ocrx_word' id='word_1_136' title='bbox 1671 2076 1848 2161; x_wconf 86' lang='lat' dir='ltr'>legit.</span> 
     </span>
    </p>

    <p class='ocr_par' dir='ltr' id='par_1_18' title="bbox 434 2164 2459 2406">
     <span class='ocr_line' id='line_1_22' title="bbox 434 2164 2459 2250; baseline -0.001 -23"><span class='ocrx_word' id='word_1_137' title='bbox 434 2181 644 2227; x_wconf 78' lang='lat' dir='ltr'>ANDR.</span> <span class='ocrx_word' id='word_1_138' title='bbox 691 2164 960 2229; x_wconf 81' lang='lat' dir='ltr'>Brevem</span> <span class='ocrx_word' id='word_1_139' title='bbox 990 2187 1235 2229; x_wconf 91' lang='lat' dir='ltr'>moram</span> <span class='ocrx_word' id='word_1_140' title='bbox 1264 2165 1526 2250; x_wconf 86' lang='lat' dir='ltr'>largire,</span> <span class='ocrx_word' id='word_1_141' title='bbox 1558 2165 1709 2228; x_wconf 92' lang='lat' dir='ltr'>dum</span> <span class='ocrx_word' id='word_1_142' title='bbox 1739 2164 2025 2227; x_wconf 85' lang='lat' dir='ltr'>officium</span> <span class='ocrx_word' id='word_1_143' title='bbox 2054 2175 2279 2246; x_wconf 88' lang='lat' dir='ltr'>parens</span> <span class='ocrx_word' id='word_1_144' title='bbox 2347 2177 2459 2225; x_wconf 81' lang='lat'>760</span> 
     </span>
     <span class='ocr_line' id='line_1_23' title="bbox 434 2250 2373 2336; baseline -0.002 -19"><span class='ocrx_word' id='word_1_145' title='bbox 434 2257 589 2317; x_wconf 84' lang='lat' dir='ltr'>nato</span> <span class='ocrx_word' id='word_1_146' title='bbox 636 2269 1004 2336; x_wconf 90' lang='lat' dir='ltr'>supremum</span> <span class='ocrx_word' id='word_1_147' title='bbox 1049 2254 1245 2318; x_wconf 90' lang='lat' dir='ltr'>reddo</span> <span class='ocrx_word' id='word_1_148' title='bbox 1294 2258 1359 2317; x_wconf 91' lang='lat' dir='ltr'>et</span> <span class='ocrx_word' id='word_1_149' title='bbox 1404 2255 1702 2336; x_wconf 92' lang='lat' dir='ltr'>amplexu</span> <span class='ocrx_word' id='word_1_150' title='bbox 1747 2253 1977 2317; x_wconf 89' lang='lat' dir='ltr'>ultimo</span> <span class='ocrx_word' id='word_1_151' title='bbox 2369 2250 2373 2253; x_wconf 67' lang='grc'><strong>’</strong></span> 
     </span>
     <span class='ocr_line' id='line_1_24' title="bbox 442 2340 1943 2406; baseline -0.001 -1"><span class='ocrx_word' id='word_1_152' title='bbox 442 2340 661 2405; x_wconf 86' lang='lat' dir='ltr'>avidos</span> <span class='ocrx_word' id='word_1_153' title='bbox 708 2343 958 2405; x_wconf 89' lang='lat' dir='ltr'>dolores</span> <span class='ocrx_word' id='word_1_154' title='bbox 1006 2343 1188 2406; x_wconf 90' lang='lat' dir='ltr'>sati0.</span> <span class='ocrx_word' id='word_1_155' title='bbox 1278 2360 1464 2406; x_wconf 83' lang='lat' dir='ltr'>Vle.</span> <span class='ocrx_word' id='word_1_156' title='bbox 1512 2342 1801 2406; x_wconf 88' lang='lat' dir='ltr'>Misereri</span> <span class='ocrx_word' id='word_1_157' title='bbox 1845 2342 1943 2405; x_wconf 90' lang='lat' dir='ltr'>tui</span> 
     </span>
    </p>

    <p class='ocr_par' dir='ltr' id='par_1_19' title="bbox 435 2431 2069 2517">
     <span class='ocr_line' id='line_1_25' title="bbox 435 2431 2069 2517; baseline -0.001 -23"><span class='ocrx_word' id='word_1_158' title='bbox 435 2431 682 2494; x_wconf 88' lang='lat' dir='ltr'>utinam</span> <span class='ocrx_word' id='word_1_159' title='bbox 728 2431 963 2495; x_wconf 90' lang='lat' dir='ltr'>liceret.</span> <span class='ocrx_word' id='word_1_160' title='bbox 1057 2432 1230 2514; x_wconf 87' lang='lat' dir='ltr'>quod</span> <span class='ocrx_word' id='word_1_161' title='bbox 1273 2435 1493 2498; x_wconf 86' lang='lat' dir='ltr'>tamen</span> <span class='ocrx_word' id='word_1_162' title='bbox 1537 2432 1745 2494; x_wconf 91' lang='lat' dir='ltr'>solum</span> <span class='ocrx_word' id='word_1_163' title='bbox 1790 2432 1968 2513; x_wconf 90' lang='lat' dir='ltr'>licet,</span> <span class='ocrx_word' id='word_1_164' title='bbox 2060 2507 2069 2517; x_wconf 20' lang='lat' dir='ltr'>x</span> 
     </span>
    </p>

    <p class='ocr_par' dir='ltr' id='par_1_20' title="bbox 437 2519 1979 2602">
     <span class='ocr_line' id='line_1_26' title="bbox 437 2519 1979 2602; baseline -0.001 -20"><span class='ocrx_word' id='word_1_165' title='bbox 437 2524 691 2602; x_wconf 87' lang='lat' dir='ltr'>tempus</span> <span class='ocrx_word' id='word_1_166' title='bbox 736 2541 1110 2602; x_wconf 89' lang='lat' dir='ltr'>moramque</span> <span class='ocrx_word' id='word_1_167' title='bbox 1156 2520 1464 2583; x_wconf 90' lang='lat' dir='ltr'>dabimus.</span> <span class='ocrx_word' id='word_1_168' title='bbox 1556 2519 1819 2583; x_wconf 87' lang='lat' dir='ltr'>arbitrio</span> <span class='ocrx_word' id='word_1_169' title='bbox 1865 2523 1979 2582; x_wconf 89' lang='lat' dir='ltr'>tuo</span> 
     </span>
    </p>

    <p class='ocr_par' dir='ltr' id='par_1_21' title="bbox 437 2608 2459 2960">
     <span class='ocr_line' id='line_1_27' title="bbox 437 2608 2459 2691; baseline -0.001 -21"><span class='ocrx_word' id='word_1_170' title='bbox 437 2608 704 2691; x_wconf 91' lang='lat' dir='ltr'>implere</span> <span class='ocrx_word' id='word_1_171' title='bbox 749 2608 1057 2671; x_wconf 87' lang='lat' dir='ltr'>lacrimis:</span> <span class='ocrx_word' id='word_1_172' title='bbox 1102 2608 1291 2673; x_wconf 89' lang='lat' dir='ltr'>fletus</span> <span class='ocrx_word' id='word_1_173' title='bbox 1338 2630 1671 2672; x_wconf 89' lang='lat' dir='ltr'>aerumnas</span> <span class='ocrx_word' id='word_1_174' title='bbox 1717 2609 1903 2672; x_wconf 86' lang='lat' dir='ltr'>levat.</span> <span class='ocrx_word' id='word_1_175' title='bbox 2352 2619 2459 2668; x_wconf 81' lang='lat'>765</span> 
     </span>
     <span class='ocr_line' id='line_1_28' title="bbox 438 2695 2148 2782; baseline -0.001 -23"><span class='ocrx_word' id='word_1_176' title='bbox 438 2714 648 2760; x_wconf 82' lang='lat' dir='ltr'>ANDR.</span> <span class='ocrx_word' id='word_1_177' title='bbox 697 2695 749 2760; x_wconf 88' lang='lat' dir='ltr'>O</span> <span class='ocrx_word' id='word_1_178' title='bbox 798 2697 981 2761; x_wconf 92' lang='lat' dir='ltr'>dulce</span> <span class='ocrx_word' id='word_1_179' title='bbox 1027 2698 1291 2782; x_wconf 84' lang='lat' dir='ltr'>pignus,</span> <span class='ocrx_word' id='word_1_180' title='bbox 1339 2718 1377 2760; x_wconf 96' lang='lat' dir='ltr'>o</span> <span class='ocrx_word' id='word_1_181' title='bbox 1425 2698 1616 2761; x_wconf 89' lang='lat' dir='ltr'>decus</span> <span class='ocrx_word' id='word_1_182' title='bbox 1660 2698 1876 2779; x_wconf 86' lang='lat' dir='ltr'>lapsae</span> <span class='ocrx_word' id='word_1_183' title='bbox 1922 2696 2148 2759; x_wconf 90' lang='lat' dir='ltr'>domus</span> 
     </span>
     <span class='ocr_line' id='line_1_29' title="bbox 440 2784 2110 2869; baseline -0.003 -19"><span class='ocrx_word' id='word_1_184' title='bbox 440 2807 887 2869; x_wconf 89' lang='lat' dir='ltr'>summumque</span> <span class='ocrx_word' id='word_1_185' title='bbox 932 2785 1160 2850; x_wconf 85' lang='lat' dir='ltr'>Troiae</span> <span class='ocrx_word' id='word_1_186' title='bbox 1203 2787 1426 2869; x_wconf 80' lang='lat' dir='ltr'>funus,</span> <span class='ocrx_word' id='word_1_187' title='bbox 1472 2807 1511 2849; x_wconf 95' lang='lat' dir='ltr'>o</span> <span class='ocrx_word' id='word_1_188' title='bbox 1557 2785 1852 2849; x_wconf 88' lang='lat' dir='ltr'>Danaum</span> <span class='ocrx_word' id='word_1_189' title='bbox 1898 2784 2110 2867; x_wconf 88' lang='lat' dir='ltr'>timor,</span> 
     </span>
     <span class='ocr_line' id='line_1_30' title="bbox 439 2874 1915 2960; baseline -0.002 -22"><span class='ocrx_word' id='word_1_190' title='bbox 439 2874 780 2960; x_wconf 83' lang='lat' dir='ltr'>genetricis</span> <span class='ocrx_word' id='word_1_191' title='bbox 829 2896 865 2938; x_wconf 93' lang='lat' dir='ltr'>o</span> <span class='ocrx_word' id='word_1_192' title='bbox 914 2897 1058 2957; x_wconf 90' lang='lat' dir='ltr'>spes</span> <span class='ocrx_word' id='word_1_193' title='bbox 1104 2897 1295 2958; x_wconf 84' lang='lat' dir='ltr'>vana,</span> <span class='ocrx_word' id='word_1_194' title='bbox 1342 2876 1446 2938; x_wconf 90' lang='lat' dir='ltr'>cui</span> <span class='ocrx_word' id='word_1_195' title='bbox 1491 2875 1749 2938; x_wconf 91' lang='lat' dir='ltr'>demens</span> <span class='ocrx_word' id='word_1_196' title='bbox 1796 2894 1915 2958; x_wconf 86' lang='lat' dir='ltr'>ego</span> 
     </span>
    </p>

    <p class='ocr_par' dir='ltr' id='par_1_22' title="bbox 437 2962 1716 3048">
     <span class='ocr_line' id='line_1_31' title="bbox 437 2962 1716 3048; baseline -0.002 -21"><span class='ocrx_word' id='word_1_197' title='bbox 437 2964 658 3027; x_wconf 90' lang='lat' dir='ltr'>laudes</span> <span class='ocrx_word' id='word_1_198' title='bbox 703 2964 984 3046; x_wconf 90' lang='lat' dir='ltr'>parentis</span> <span class='ocrx_word' id='word_1_199' title='bbox 1031 2964 1320 3048; x_wconf 86' lang='lat' dir='ltr'>bellicas,</span> <span class='ocrx_word' id='word_1_200' title='bbox 1365 2984 1567 3027; x_wconf 87' lang='lat' dir='ltr'>annos</span> <span class='ocrx_word' id='word_1_201' title='bbox 1613 2962 1716 3026; x_wconf 86' lang='lat' dir='ltr'>avi</span> 
     </span>
    </p>

    <p class='ocr_par' dir='ltr' id='par_1_23' title="bbox 442 3051 2465 3136">
     <span class='ocr_line' id='line_1_32' title="bbox 442 3051 2465 3136; baseline -0.002 -20"><span class='ocrx_word' id='word_1_202' title='bbox 442 3053 698 3116; x_wconf 90' lang='lat' dir='ltr'>demens</span> <span class='ocrx_word' id='word_1_203' title='bbox 745 3053 1067 3136; x_wconf 86' lang='lat' dir='ltr'>precabar,</span> <span class='ocrx_word' id='word_1_204' title='bbox 1110 3057 1264 3117; x_wconf 83' lang='lat' dir='ltr'>vota</span> <span class='ocrx_word' id='word_1_205' title='bbox 1309 3052 1600 3117; x_wconf 84' lang='lat' dir='ltr'>destituit</span> <span class='ocrx_word' id='word_1_206' title='bbox 1645 3051 1814 3115; x_wconf 72' lang='lat' dir='ltr'>deus</span> <span class='ocrx_word' id='word_1_207' title='bbox 2355 3065 2465 3113; x_wconf 82' lang='grc'>770</span> 
     </span>
    </p>
   </div>
   <div class='ocr_carea' id='block_1_3' title="bbox 440 3170 2466 3668">
    <p class='ocr_par' dir='ltr' id='par_1_24' title="bbox 440 3170 2466 3668">
     <span class='ocr_line' id='line_1_33' title="bbox 585 3170 2465 3243; baseline -0.001 -17"><span class='ocrx_word' id='word_1_208' title='bbox 585 3178 690 3226; x_wconf 73' lang='grc'>744</span> <span class='ocrx_word' id='word_1_209' title='bbox 717 3172 930 3227; x_wconf 81' lang='lat' dir='ltr'>fractus</span> <span class='ocrx_word' id='word_1_210' title='bbox 948 3179 991 3226; x_wconf 72' lang='lat' dir='ltr'><strong>E</strong></span> <span class='ocrx_word' id='word_1_211' title='bbox 1019 3175 1037 3243; x_wconf 88' lang='grc' dir='ltr'>ΙΙ</span> <span class='ocrx_word' id='word_1_212' title='bbox 1064 3178 1171 3227; x_wconf 73' lang='grc'>746</span> <span class='ocrx_word' id='word_1_213' title='bbox 1199 3190 1345 3242; x_wconf 90' lang='lat' dir='ltr'>quae</span> <span class='ocrx_word' id='word_1_214' title='bbox 1365 3205 1433 3212; x_wconf 93' lang='lat'>—</span> <span class='ocrx_word' id='word_1_215' title='bbox 1450 3174 1638 3242; x_wconf 85' lang='lat' dir='ltr'>potest</span> <span class='ocrx_word' id='word_1_216' title='bbox 1664 3172 1887 3227; x_wconf 74' lang='lat' dir='ltr'>uncinis</span> <span class='ocrx_word' id='word_1_217' title='bbox 1903 3171 2127 3225; x_wconf 76' lang='lat' dir='ltr'>inclusit</span> <span class='ocrx_word' id='word_1_218' title='bbox 2146 3170 2231 3223; x_wconf 79' lang='lat' dir='ltr'>M.</span> <span class='ocrx_word' id='word_1_219' title='bbox 2249 3170 2465 3224; x_wconf 65' lang='lat' dir='ltr'>Mimo»-</span> 
     </span>
     <span class='ocr_line' id='line_1_34' title="bbox 440 3242 2415 3315; baseline -0.002 -18"><span class='ocrx_word' id='word_1_220' title='bbox 440 3244 543 3297; x_wconf 72' lang='lat' dir='ltr'>Ph.</span> <span class='ocrx_word' id='word_1_221' title='bbox 571 3260 625 3312; x_wconf 80' lang='lat' dir='ltr'>p.</span> <span class='ocrx_word' id='word_1_222' title='bbox 655 3248 767 3298; x_wconf 79' lang='lat'>263</span> <span class='ocrx_word' id='word_1_223' title='bbox 803 3245 919 3299; x_wconf 84' lang='lat' dir='ltr'>coll.</span> <span class='ocrx_word' id='word_1_224' title='bbox 955 3246 1079 3300; x_wconf 83' lang='lat' dir='ltr'>Oed.</span> <span class='ocrx_word' id='word_1_225' title='bbox 1109 3249 1224 3299; x_wconf 78' lang='lat'>262</span> <span class='ocrx_word' id='word_1_226' title='bbox 1240 3262 1281 3299; x_wconf 79' lang='lat' dir='ltr'>s.</span> <span class='ocrx_word' id='word_1_227' title='bbox 1301 3247 1329 3315; x_wconf 64' lang='grc' dir='ltr'>ΙΙ</span> <span class='ocrx_word' id='word_1_228' title='bbox 1357 3249 1458 3297; x_wconf 73' lang='grc'>747</span> <span class='ocrx_word' id='word_1_229' title='bbox 1499 3243 1704 3297; x_wconf 83' lang='lat' dir='ltr'>subdat</span> <span class='ocrx_word' id='word_1_230' title='bbox 1729 3249 1772 3296; x_wconf 72' lang='lat' dir='ltr'><strong>E</strong></span> <span class='ocrx_word' id='word_1_231' title='bbox 1800 3244 1820 3311; x_wconf 71' lang='lat' dir='ltr'>st</span> <span class='ocrx_word' id='word_1_232' title='bbox 1847 3248 1952 3296; x_wconf 79' lang='grc'>750</span> <span class='ocrx_word' id='word_1_233' title='bbox 1990 3259 2022 3296; x_wconf 94' lang='lat' dir='ltr'>o</span> <span class='ocrx_word' id='word_1_234' title='bbox 2061 3242 2331 3295; x_wconf 86' lang='lat' dir='ltr'>scelerum</span> <span class='ocrx_word' id='word_1_235' title='bbox 2357 3252 2415 3307; x_wconf 84' lang='grc' dir='ltr'><strong><em>ψ</em></strong></span> 
     </span>
     <span class='ocr_line' id='line_1_35' title="bbox 443 3312 2406 3386; baseline -0.001 -19"><span class='ocrx_word' id='word_1_236' title='bbox 443 3319 548 3367; x_wconf 79' lang='grc'>756</span> <span class='ocrx_word' id='word_1_237' title='bbox 603 3330 634 3368; x_wconf 91' lang='lat' dir='ltr'>e</span> <span class='ocrx_word' id='word_1_238' title='bbox 690 3314 840 3369; x_wconf 88' lang='lat' dir='ltr'>claro</span> <span class='ocrx_word' id='word_1_239' title='bbox 885 3321 928 3368; x_wconf 72' lang='lat' dir='ltr'><strong>E</strong></span> <span class='ocrx_word' id='word_1_240' title='bbox 975 3319 994 3386; x_wconf 83' lang='grc' dir='ltr'>ΙΙ</span> <span class='ocrx_word' id='word_1_241' title='bbox 1039 3321 1141 3370; x_wconf 73' lang='grc'>757</span> <span class='ocrx_word' id='word_1_242' title='bbox 1184 3316 1382 3369; x_wconf 87' lang='lat' dir='ltr'>danais</span> <span class='ocrx_word' id='word_1_243' title='bbox 1429 3332 1485 3369; x_wconf 87' lang='grc' dir='ltr'>ω</span> <span class='ocrx_word' id='word_1_244' title='bbox 1538 3330 1671 3369; x_wconf 77' lang='lat' dir='ltr'>corr.</span> <span class='ocrx_word' id='word_1_245' title='bbox 1720 3325 1776 3380; x_wconf 86' lang='grc' dir='ltr'><strong>ψ</strong></span> <span class='ocrx_word' id='word_1_246' title='bbox 1821 3321 1840 3381; x_wconf 80' lang='grc' dir='ltr'>ΙΙ</span> <span class='ocrx_word' id='word_1_247' title='bbox 1885 3319 1988 3367; x_wconf 80' lang='grc'>758</span> <span class='ocrx_word' id='word_1_248' title='bbox 2033 3312 2317 3383; x_wconf 81' lang='lat' dir='ltr'>phygibus</span> <span class='ocrx_word' id='word_1_249' title='bbox 2361 3318 2406 3364; x_wconf 81' lang='grc' dir='ltr'><strong>Ε</strong></span> 
     </span>
     <span class='ocr_line' id='line_1_36' title="bbox 442 3383 2462 3456; baseline -0.001 -18"><span class='ocrx_word' id='word_1_250' title='bbox 442 3389 548 3440; x_wconf 72' lang='grc'>759</span> <span class='ocrx_word' id='word_1_251' title='bbox 592 3386 746 3455; x_wconf 82' lang='lat' dir='ltr'>leget</span> <span class='ocrx_word' id='word_1_252' title='bbox 790 3392 833 3439; x_wconf 79' lang='lat' dir='ltr'><strong>E</strong></span> <span class='ocrx_word' id='word_1_253' title='bbox 878 3387 1036 3456; x_wconf 84' lang='lat' dir='ltr'>legat</span> <span class='ocrx_word' id='word_1_254' title='bbox 1070 3392 1117 3441; x_wconf 78' lang='grc' dir='ltr'><strong>Δ</strong></span> <span class='ocrx_word' id='word_1_255' title='bbox 1162 3404 1296 3442; x_wconf 76' lang='lat' dir='ltr'>corr.</span> <span class='ocrx_word' id='word_1_256' title='bbox 1336 3397 1392 3452; x_wconf 87' lang='grc' dir='ltr'><strong>ψ</strong></span> <span class='ocrx_word' id='word_1_257' title='bbox 1446 3388 1466 3456; x_wconf 87' lang='grc' dir='ltr'>ΙΙ</span> <span class='ocrx_word' id='word_1_258' title='bbox 1519 3390 1624 3439; x_wconf 85' lang='grc'>760</span> <span class='ocrx_word' id='word_1_259' title='bbox 1667 3402 1790 3440; x_wconf 69' lang='lat' dir='ltr'>Am).</span> <span class='ocrx_word' id='word_1_260' title='bbox 1838 3386 1968 3439; x_wconf 79' lang='lat' dir='ltr'>add.</span> <span class='ocrx_word' id='word_1_261' title='bbox 2005 3383 2077 3436; x_wconf 69' lang='lat'>13²</span> <span class='ocrx_word' id='word_1_262' title='bbox 2128 3386 2147 3453; x_wconf 77' lang='grc' dir='ltr'>ΙΙ</span> <span class='ocrx_word' id='word_1_263' title='bbox 2199 3389 2298 3437; x_wconf 79' lang='grc'>761</span> <span class='ocrx_word' id='word_1_264' title='bbox 2344 3398 2462 3436; x_wconf 83' lang='lat' dir='ltr'>am-</span> 
     </span>
     <span class='ocr_line' id='line_1_37' title="bbox 442 3453 2466 3527; baseline -0.002 -17"><span class='ocrx_word' id='word_1_265' title='bbox 442 3455 639 3524; x_wconf 69' lang='lat' dir='ltr'>plexus</span> <span class='ocrx_word' id='word_1_266' title='bbox 684 3463 727 3510; x_wconf 72' lang='lat' dir='ltr'><strong>E</strong></span> <span class='ocrx_word' id='word_1_267' title='bbox 789 3459 808 3527; x_wconf 88' lang='grc' dir='ltr'>ΙΙ</span> <span class='ocrx_word' id='word_1_268' title='bbox 871 3463 977 3512; x_wconf 73' lang='grc'>768</span> <span class='ocrx_word' id='word_1_269' title='bbox 1026 3457 1217 3512; x_wconf 89' lang='lat' dir='ltr'>dolore</span> <span class='ocrx_word' id='word_1_270' title='bbox 1261 3464 1304 3510; x_wconf 84' lang='lat' dir='ltr'><strong>E</strong></span> <span class='ocrx_word' id='word_1_271' title='bbox 1367 3458 1386 3526; x_wconf 89' lang='grc' dir='ltr'>ΙΙ</span> <span class='ocrx_word' id='word_1_272' title='bbox 1448 3462 1554 3510; x_wconf 74' lang='grc'>764</span> <span class='ocrx_word' id='word_1_273' title='bbox 1607 3459 1942 3525; x_wconf 85' lang='lat' dir='ltr'>tempusque</span> <span class='ocrx_word' id='word_1_274' title='bbox 1994 3470 2208 3509; x_wconf 88' lang='lat' dir='ltr'>moram</span> <span class='ocrx_word' id='word_1_275' title='bbox 2258 3454 2316 3507; x_wconf 88' lang='lat' dir='ltr'>d.</span> <span class='ocrx_word' id='word_1_276' title='bbox 2363 3459 2409 3506; x_wconf 78' lang='lat' dir='ltr'>E</span> <span class='ocrx_word' id='word_1_277' title='bbox 2441 3453 2466 3526; x_wconf 73' lang='lat' dir='ltr'>n</span> 
     </span>
     <span class='ocr_line' id='line_1_38' title="bbox 444 3526 2461 3597; baseline 0 -18"><span class='ocrx_word' id='word_1_278' title='bbox 444 3531 550 3580; x_wconf 78' lang='grc'>766</span> <span class='ocrx_word' id='word_1_279' title='bbox 586 3543 618 3580; x_wconf 91' lang='lat' dir='ltr'>o</span> <span class='ocrx_word' id='word_1_280' title='bbox 657 3526 825 3581; x_wconf 82' lang='lat' dir='ltr'>decus</span> <span class='ocrx_word' id='word_1_281' title='bbox 862 3544 894 3581; x_wconf 94' lang='grc' dir='ltr'>ο</span> <span class='ocrx_word' id='word_1_282' title='bbox 931 3528 967 3582; x_wconf 90' lang='grc'>1.</span> <span class='ocrx_word' id='word_1_283' title='bbox 1007 3534 1050 3581; x_wconf 76' lang='grc' dir='ltr'><strong>Ε</strong></span> <span class='ocrx_word' id='word_1_284' title='bbox 1077 3531 1097 3597; x_wconf 82' lang='grc' dir='ltr'>ΙΙ</span> <span class='ocrx_word' id='word_1_285' title='bbox 1137 3533 1241 3581; x_wconf 78' lang='grc'>769</span> <span class='ocrx_word' id='word_1_286' title='bbox 1278 3544 1454 3582; x_wconf 88' lang='lat' dir='ltr'>annos</span> <span class='ocrx_word' id='word_1_287' title='bbox 1491 3530 1662 3596; x_wconf 87' lang='lat' dir='ltr'>atque</span> <span class='ocrx_word' id='word_1_288' title='bbox 1697 3533 1740 3580; x_wconf 72' lang='lat' dir='ltr'><strong>E</strong></span> <span class='ocrx_word' id='word_1_289' title='bbox 1777 3530 1796 3596; x_wconf 82' lang='grc' dir='ltr'>ΙΙ</span> <span class='ocrx_word' id='word_1_290' title='bbox 1832 3533 1937 3581; x_wconf 88' lang='grc'>770</span> <span class='ocrx_word' id='word_1_291' title='bbox 1972 3526 2187 3579; x_wconf 87' lang='lat' dir='ltr'>medios</span> <span class='ocrx_word' id='word_1_292' title='bbox 2223 3544 2279 3580; x_wconf 85' lang='grc' dir='ltr'><em>ω</em></span> <span class='ocrx_word' id='word_1_293' title='bbox 2320 3540 2461 3579; x_wconf 62' lang='lat' dir='ltr'>com.</span> 
     </span>
     <span class='ocr_line' id='line_1_39' title="bbox 447 3597 2442 3668; baseline 0 -17"><span class='ocrx_word' id='word_1_294' title='bbox 447 3597 670 3652; x_wconf 81' lang='lat' dir='ltr'>Richter</span> <span class='ocrx_word' id='word_1_295' title='bbox 704 3598 868 3667; x_wconf 76' lang='lat' dir='ltr'>symb.</span> <span class='ocrx_word' id='word_1_296' title='bbox 892 3615 950 3665; x_wconf 75' lang='lat' dir='ltr'>p.</span> <span class='ocrx_word' id='word_1_297' title='bbox 982 3602 1057 3652; x_wconf 82' lang='lat'>32</span> <span class='ocrx_word' id='word_1_298' title='bbox 1093 3598 1279 3667; x_wconf 82' lang='lat' dir='ltr'>(toties</span> <span class='ocrx_word' id='word_1_299' title='bbox 1315 3600 1451 3667; x_wconf 87' lang='lat' dir='ltr'>Leo)</span> <span class='ocrx_word' id='word_1_300' title='bbox 1483 3599 1492 3668; x_wconf 72' lang='grc' dir='ltr'>Ι</span> <span class='ocrx_word' id='word_1_301' title='bbox 1525 3601 1738 3652; x_wconf 83' lang='lat' dir='ltr'>statuto</span> <span class='ocrx_word' id='word_1_302' title='bbox 1776 3603 1848 3650; x_wconf 81' lang='grc' dir='ltr'>Δτ</span> <span class='ocrx_word' id='word_1_303' title='bbox 2435 3638 2442 3646; x_wconf 75' lang='grc'><em>.</em></span> 
     </span>
    </p>
   </div>
  </div>
 </body>
</html>
