2658 4117
1114 229 1488 283 THYESTES
1969 168 1979 180 '
2184 233 2314 308 291Ἰ

288 375 500 461 gnatis
547 379 765 439 tamen
811 376 1112 440 mandata
1159 398 1320 459 quae
1368 379 1597 458 patruo
1643 374 1855 440 ferant

290 464 610 529 dabimus:
656 463 898 528 relictis
947 465 1096 529 exul
1141 464 1444 549 hospitiis
1491 485 1693 548 vagus

285 574 486 640 regno
532 558 607 618 ut
653 553 941 618 miserias
988 557 1195 617 mutet
1241 558 1434 636 atque
1470 551 1682 637 Argos
1727 560 1916 639 regat

287 664 367 705 ex
413 646 592 725 parte
641 642 955 708 dominus.
1048 643 1104 707 si
1147 642 1344 706 nimis
1391 643 1586 706 durus
1632 664 1851 725 preces

289 735 547 814 spernet
582 729 922 815 Thyestes,
966 730 1204 795 liberos
1253 731 1389 795 eius
1435 731 1625 795 rudes
2213 750 2318 800 300

288 820 603 904 malisque
640 821 853 885 fessos
902 820 1205 905 gravibus
1252 823 1317 884 et
1362 819 1583 884 faciles
1631 821 1775 903 capi
2221 851 2224 852 ⁷

287 929 475 992 prece
520 909 1042 974 commovebunt:
1088 908 1242 973 hinc
1287 912 1472 972 vetus
1517 910 1701 994 regni
1746 909 1942 994 furor,

289 997 469 1062 illinc
515 1002 764 1082 egestas
812 998 1016 1061 tristis
1062 1018 1136 1062 ac
1183 997 1380 1061 durus
1424 997 1610 1061 labor

289 1087 582 1169 quamvis
626 1087 944 1171 rigentem
990 1090 1091 1151 tot
1135 1086 1322 1150 malis
1371 1086 1673 1170 subigent
1718 1087 1946 1151 virum.

288 1191 435 1239 SAT.
481 1173 618 1239 Iam
664 1180 919 1259 tempus
966 1174 1066 1239 illi
1108 1175 1266 1240 fecit
1311 1197 1645 1239 aerumnas
1692 1176 1881 1241 leves.
2215 1193 2316 1251 305

286 1281 444 1327 ΛΤΒ.
492 1263 715 1328 Erras:
762 1265 1079 1328 malorum
1128 1286 1351 1328 sensus
1398 1263 1702 1328 accrescit
1746 1265 1864 1328 die.
2303 1295 2306 1298 ·

286 1354 427 1417 leve
475 1357 571 1417 est
616 1353 906 1417 miserias
951 1353 1145 1435 ferre,
1189 1353 1469 1435 perferre
1516 1357 1614 1417 est
1659 1374 1868 1437 grave.

289 1457 435 1505 SAT.
483 1438 668 1505 Alios
716 1441 1045 1506 ministros
1093 1441 1321 1505 consili
1367 1441 1571 1505 tristis
1616 1442 1777 1526 lege.

288 1548 446 1593 ATR.
492 1530 723 1594 Peiora
769 1531 1029 1594 iuvenes
1074 1531 1264 1595 facile
1310 1533 1653 1613 praecepta
1699 1530 1984 1594 audiunt.

292 1636 439 1684 SAT.
487 1616 566 1683 In
610 1623 791 1703 patre
836 1619 1076 1683 facient
1122 1618 1430 1701 quicquid
1475 1618 1544 1681 in
1588 1622 1818 1700 patruo
1866 1618 2081 1683 doces:
2215 1635 2319 1684 310

292 1730 481 1791 saepe
528 1708 596 1772 in
642 1708 1024 1793 magistrum
1072 1709 1312 1772 scelera
1355 1707 1682 1771 redierunt
1728 1729 1857 1770 sua.

291 1814 447 1860 ΛΤΒ.
494 1795 586 1861 Vt
631 1818 818 1860 nemo
867 1796 1092 1860 doceat
1135 1795 1381 1860 fraudis
1429 1800 1494 1860 et
1540 1795 1792 1859 sceleris
1838 1795 2003 1880 vias,

287 1906 562 1970 regnum
609 1885 879 1950 docebit.
971 1907 1053 1952 ne
1099 1886 1254 1949 mali
1299 1884 1461 1948 fiant
1505 1884 1739 1948 times?

287 1978 654 2038 nascuntur.
744 1974 920 2039 istud
967 1974 1141 2057 quod
1185 1994 1377 2038 vocas
1426 1995 1685 2037 saevum
1734 1994 2030 2056 asperum

289 2064 521 2149 agique
568 2064 722 2128 dure
770 2064 973 2129 credis
1021 2068 1086 2128 et
1129 2065 1404 2128 nimium
1452 2063 1677 2145 impie,
2209 2080 2313 2128 315

198 2226 210 2231 ,
284 2152 557 2216 fortasse
602 2157 668 2217 et
712 2154 847 2217 illic
893 2153 1123 2238 agitur.
1217 2169 1362 2216 SAT.
1410 2150 1597 2215 Hanc
1641 2151 1931 2216 fraudem
1980 2152 2184 2216 scient

285 2240 422 2303 nati
467 2241 721 2324 parari?
786 2258 944 2306 ΛΤΒ.
992 2241 1216 2306 Tacita
1259 2245 1394 2305 tam
1438 2240 1705 2304 rudibus
1751 2240 1908 2304 fides

285 2350 420 2393 non
465 2333 561 2394 est
608 2330 676 2393 in
722 2331 936 2413 annis3
983 2330 1284 2416 detegent
1326 2330 1546 2393 forsan
1592 2329 1802 2393 dolos:

284 2422 495 2482 tacere
540 2418 763 2482 multis
811 2418 1079 2482 discitur
1123 2419 1293 2483 vitae
1340 2417 1542 2482 malis.

285 2523 432 2571 sAT.
477 2505 789 2591 Ipsosque
835 2529 951 2590 per
997 2528 1158 2590 quos
1204 2507 1427 2571 fallere
1473 2507 1671 2569 alium
1718 2506 1964 2590 cogitas
2209 2522 2313 2570 320

282 2595 513 2659 falles?
575 2612 733 2659 ΛΤΒ.
780 2594 873 2659 Vt
919 2596 1045 2679 ipsi
1091 2596 1358 2660 crimine
1404 2598 1469 2659 et
1516 2596 1707 2677 culpa
1751 2598 1994 2659 vacent.

287 2685 440 2766 quid
489 2685 659 2747 enim
705 2706 967 2750 necesse
1015 2689 1112 2748 est
1155 2685 1393 2749 liberos
1441 2683 1664 2748 sceleri
1710 2704 1887 2746 meos

280 2772 602 2837 inserere?
649 2795 764 2856 per
807 2795 927 2836 nos
975 2772 1123 2836 odia
1169 2796 1235 2837 se
1280 2777 1502 2838 nostra
1547 2772 1886 2855 explicent.
1926 2807 2012 2816 —

283 2861 450 2925 male
498 2862 665 2946 agis,
709 2861 987 2944 recedis,
1033 2862 1269 2926 anime:
1317 2862 1374 2925 si
1418 2860 1627 2945 parcis
1674 2860 1831 2941 tuis,

423 3023 530 3070 296
567 3018 756 3087 gnatis
794 3022 839 3070 A
866 3021 884 3088 ΙΙ
912 3024 1019 3072 300
1056 3017 1222 3073 citius
1254 3018 1456 3086 Peiper
1483 3019 1501 3086 ΙΙ
1528 3021 1635 3069 302
1670 3031 1836 3086 prece
1874 3014 2309 3069 commoveboE

279 3104 416 3143 corr.
444 3089 513 3143 L
546 3089 758 3144 Mu‘ller
795 3090 860 3144 de
895 3108 940 3145 r.
970 3107 1038 3144 m.
1063 3106 1122 3158 p.
1152 3093 1263 3144 167
1307 3087 1837 3170 precommovebunt
1874 3090 1919 3138 A
1964 3101 2158 3155 preces
2194 3102 2314 3140 mo-

281 3159 495 3213 vebunt
532 3177 574 3213 α
629 3160 792 3230 pueri
827 3160 1132 3215 movebunt
1168 3162 1401 3229 Bentley
1463 3162 1482 3229 ΙΙ
1546 3164 1648 3214 303
1685 3158 1818 3212 hinc
1864 3158 2034 3210 durus
2073 3174 2129 3211 ω
2172 3172 2310 3212 corr.

279 3230 457 3285 Bothe
491 3233 511 3300 Η
547 3235 651 3283 306
689 3231 956 3286 accressit
991 3238 1033 3284 Ε
1079 3233 1098 3300 ΙΙ
1143 3236 1245 3284 807
1292 3230 1513 3284 miseris
1549 3235 1622 3283 At
1667 3231 1753 3282 est
1797 3229 2028 3284 alterum
2064 3245 2162 3282 om.
2204 3239 2259 3294 ψ
2295 3229 2314 3296 ΙΙ

230 3347 247 3360 ,
279 3306 384 3354 308
433 3301 682 3356 consiliis
717 3308 790 3355 At
838 3302 1058 3357 consilii
1095 3309 1138 3354 Ε
1201 3304 1219 3370 ΙΙ
1283 3308 1405 3355 309.
1446 3306 1543 3354 310
1572 3316 1801 3382 person.
1841 3305 2001 3353 notas
2046 3315 2144 3354 om.
2194 3302 2239 3350 A

278 3377 378 3425 310
413 3371 473 3425 in
520 3390 574 3441 p.
615 3372 835 3427 discent
871 3373 1103 3442 Bentley
1165 3375 1184 3442 ΙΙ
1247 3378 1342 3426 317
1398 3370 1587 3441 parari
1631 3370 1810 3425 tacita
1856 3372 1995 3439 (ΛΤΒ.
2033 3371 2156 3439 om.)
2193 3374 2238 3422 A

278 3447 385 3508 820
422 3442 646 3512 ipsosne
684 3449 729 3497 A
756 3447 775 3513 ΙΙ
802 3449 900 3497 321
949 3462 1068 3498 ΛΤΒ.
1107 3461 1208 3498 om.
1240 3450 1281 3496 E
1316 3446 1323 3512 Ι
1355 3447 1509 3497 ut—
1526 3444 1727 3496 vacent
1755 3442 1986 3511 proprio
2021 3457 2179 3497 versu
2213 3446 2257 3493 E

278 3513 392 3637 ath
376 3532 487 3583 ips1
516 3519 561 3567 A
605 3518 625 3585 ΙΙ
669 3521 775 3569 322
813 3534 929 3569 ΛΤΒ.
954 3515 1134 3584 praef.
1164 3521 1207 3567 Ε
1241 3516 1249 3582 Ι
1282 3517 1369 3568 est
1394 3529 1620 3568 necesse
1649 3519 1721 3567 At
1761 3517 1769 3583 1
1801 3528 1925 3566 meo
1955 3516 2000 3564 A
2044 3514 2063 3582 ΙΙ
2109 3516 2213 3565 323
2254 3527 2312 3565 se

278 3602 311 3640 o
376 3602 410 3639 a
448 3590 520 3638 At

1887 3672 1989 3725 19*
