<?xml version="1.0" encoding="UTF-8"?>
<!DOCTYPE html PUBLIC "-//W3C//DTD XHTML 1.0 Transitional//EN"
    "http://www.w3.org/TR/xhtml1/DTD/xhtml1-transitional.dtd">
<html xmlns="http://www.w3.org/1999/xhtml" xml:lang="en" lang="en">
 <head>
  <title>
</title>
<meta http-equiv="Content-Type" content="text/html;charset=utf-8" />
  <meta name='ocr-system' content='tesseract 3.04.00' />
  <meta name='ocr-capabilities' content='ocr_page ocr_carea ocr_par ocr_line ocrx_word'/>
</head>
<body>
  <div class='ocr_page' id='page_1' title='image "./senecaetragoedi00senegoog_0038.png"; bbox 0 0 2658 4117; ppageno 0'>
   <div class='ocr_carea' id='block_1_1' title="bbox 397 262 1617 317">
    <p class='ocr_par' dir='ltr' id='par_1_1' title="bbox 397 262 1617 317">
     <span class='ocr_line' id='line_1_1' title="bbox 397 262 1617 317; baseline 0 0"><span class='ocrx_word' id='word_1_1' title='bbox 397 264 549 317; x_wconf 88' lang='lat' dir='ltr'>XXX</span> <span class='ocrx_word' id='word_1_2' title='bbox 1205 262 1617 317; x_wconf 84' lang='lat' dir='ltr'><strong>PRAEFATIO</strong></span> 
     </span>
    </p>
   </div>
   <div class='ocr_carea' id='block_1_2' title="bbox 385 406 2462 3247">
    <p class='ocr_par' dir='ltr' id='par_1_2' title="bbox 398 406 2426 672">
     <span class='ocr_line' id='line_1_2' title="bbox 545 406 2320 492; baseline 0 -19"><span class='ocrx_word' id='word_1_3' title='bbox 545 410 828 474; x_wconf 80' lang='lat' dir='ltr'>‘Senecta</span> <span class='ocrx_word' id='word_1_4' title='bbox 873 415 1034 473; x_wconf 81' lang='lat' dir='ltr'>tritis</span> <span class='ocrx_word' id='word_1_5' title='bbox 1081 416 1142 472; x_wconf 90' lang='lat' dir='ltr'>et</span> <span class='ocrx_word' id='word_1_6' title='bbox 1187 413 1367 491; x_wconf 88' lang='lat' dir='ltr'>longa</span> <span class='ocrx_word' id='word_1_7' title='bbox 1414 414 1641 473; x_wconf 89' lang='lat' dir='ltr'>saciata</span> <span class='ocrx_word' id='word_1_8' title='bbox 1686 407 1846 473; x_wconf 87' lang='lat' dir='ltr'>vita&#39;</span> <span class='ocrx_word' id='word_1_9' title='bbox 1896 406 1998 491; x_wconf 92' lang='lat' dir='ltr'>[H.</span> <span class='ocrx_word' id='word_1_10' title='bbox 2029 413 2060 471; x_wconf 95' lang='lat' dir='ltr'>I</span> <span class='ocrx_word' id='word_1_11' title='bbox 2099 415 2223 473; x_wconf 87' lang='lat'>849</span> <span class='ocrx_word' id='word_1_12' title='bbox 2248 408 2320 492; x_wconf 84' lang='lat' dir='ltr'><strong>S.]</strong></span> 
     </span>
     <span class='ocr_line' id='line_1_3' title="bbox 402 500 2426 580; baseline -0.001 -17"><span class='ocrx_word' id='word_1_13' title='bbox 402 503 488 563; x_wconf 80' lang='lat' dir='ltr'><strong>Cf.</strong></span> <span class='ocrx_word' id='word_1_14' title='bbox 535 503 938 563; x_wconf 89' lang='lat' dir='ltr'>Wattenbach</span> <span class='ocrx_word' id='word_1_15' title='bbox 980 503 1094 561; x_wconf 91' lang='lat' dir='ltr'>Die</span> <span class='ocrx_word' id='word_1_16' title='bbox 1139 502 1435 580; x_wconf 86' lang='lat' dir='ltr'>Apologie</span> <span class='ocrx_word' id='word_1_17' title='bbox 1479 503 1581 562; x_wconf 91' lang='lat' dir='ltr'>des</span> <span class='ocrx_word' id='word_1_18' title='bbox 1629 500 1695 560; x_wconf 80' lang='lat' dir='ltr'><strong>G.</strong></span> <span class='ocrx_word' id='word_1_19' title='bbox 1734 522 1789 561; x_wconf 85' lang='lat' dir='ltr'><strong>v.</strong></span> <span class='ocrx_word' id='word_1_20' title='bbox 1826 501 1895 560; x_wconf 90' lang='lat' dir='ltr'><strong>B.</strong></span> <span class='ocrx_word' id='word_1_21' title='bbox 1933 522 1989 578; x_wconf 90' lang='lat' dir='ltr'>p.</span> <span class='ocrx_word' id='word_1_22' title='bbox 2025 505 2104 561; x_wconf 87' lang='lat'>19</span> <span class='ocrx_word' id='word_1_23' title='bbox 2185 503 2241 562; x_wconf 88' lang='lat' dir='ltr'>S.</span> <span class='ocrx_word' id='word_1_24' title='bbox 2269 502 2337 561; x_wconf 92' lang='lat' dir='ltr'><strong>B.</strong></span> <span class='ocrx_word' id='word_1_25' title='bbox 2370 502 2426 561; x_wconf 91' lang='lat' dir='ltr'>d.</span> 
     </span>
     <span class='ocr_line' id='line_1_4' title="bbox 398 495 2204 672; baseline -0.002 -21"><span class='ocrx_word' id='word_1_26' title='bbox 398 593 666 652; x_wconf 92' lang='lat' dir='ltr'>Berliner</span> <span class='ocrx_word' id='word_1_27' title='bbox 711 592 824 650; x_wconf 86' lang='lat' dir='ltr'><strong>Ak.</strong></span> <span class='ocrx_word' id='word_1_28' title='bbox 868 592 1036 652; x_wconf 87' lang='grc'><strong>1893</strong></span> <span class='ocrx_word' id='word_1_29' title='bbox 1076 591 1242 649; x_wconf 90' lang='lat' dir='ltr'>XXV</span> <span class='ocrx_word' id='word_1_30' title='bbox 1291 592 1440 666; x_wconf 86' lang='lat'>413,</span> <span class='ocrx_word' id='word_1_31' title='bbox 1484 591 1729 651; x_wconf 75' lang='lat' dir='ltr'><strong>Richter</strong></span> <span class='ocrx_word' id='word_1_32' title='bbox 1773 590 1844 648; x_wconf 90' lang='grc' dir='ltr'>Κ.</span> <span class='ocrx_word' id='word_1_33' title='bbox 1884 590 1955 649; x_wconf 89' lang='lat' dir='ltr'>U.</span> <span class='ocrx_word' id='word_1_34' title='bbox 1993 610 2050 667; x_wconf 88' lang='lat' dir='ltr'>p.</span> <span class='ocrx_word' id='word_1_35' title='bbox 2084 495 2204 672; x_wconf 41' lang='grc'>838</span> 
     </span>
    </p>

    <p class='ocr_par' dir='ltr' id='par_1_3' title="bbox 394 679 2435 1115">
     <span class='ocr_line' id='line_1_5' title="bbox 534 679 2427 756; baseline 0.001 -16"><span class='ocrx_word' id='word_1_36' title='bbox 534 683 631 740; x_wconf 91' lang='grc'>19.</span> <span class='ocrx_word' id='word_1_37' title='bbox 679 681 1081 740; x_wconf 85' lang='lat' dir='ltr'>Richardus</span> <span class='ocrx_word' id='word_1_38' title='bbox 1127 680 1208 738; x_wconf 92' lang='lat' dir='ltr'>de</span> <span class='ocrx_word' id='word_1_39' title='bbox 1256 680 1681 756; x_wconf 86' lang='lat' dir='ltr'>Fournival‚</span> <span class='ocrx_word' id='word_1_40' title='bbox 1728 681 2007 739; x_wconf 89' lang='lat' dir='ltr'>ecclesiae</span> <span class='ocrx_word' id='word_1_41' title='bbox 2052 679 2427 741; x_wconf 88' lang='lat' dir='ltr'>Amienensis</span> 
     </span>
     <span class='ocr_line' id='line_1_6' title="bbox 396 768 2435 845; baseline -0 -16"><span class='ocrx_word' id='word_1_42' title='bbox 396 770 810 845; x_wconf 87' lang='lat' dir='ltr'>cancellarius,</span> <span class='ocrx_word' id='word_1_43' title='bbox 865 771 969 845; x_wconf 91' lang='lat' dir='ltr'>qui</span> <span class='ocrx_word' id='word_1_44' title='bbox 1022 768 1216 828; x_wconf 89' lang='lat' dir='ltr'>medio</span> <span class='ocrx_word' id='word_1_45' title='bbox 1280 769 1484 829; x_wconf 89' lang='lat' dir='ltr'>floruit</span> <span class='ocrx_word' id='word_1_46' title='bbox 1545 771 1724 829; x_wconf 87' lang='lat' dir='ltr'>tertio</span> <span class='ocrx_word' id='word_1_47' title='bbox 1789 768 2016 829; x_wconf 90' lang='lat' dir='ltr'>decimo</span> <span class='ocrx_word' id='word_1_48' title='bbox 2072 769 2305 829; x_wconf 89' lang='lat' dir='ltr'>saeculo</span> <span class='ocrx_word' id='word_1_49' title='bbox 2360 771 2435 828; x_wconf 51' lang='lat' dir='ltr'>in&lt;</span> 
     </span>
     <span class='ocr_line' id='line_1_7' title="bbox 394 851 2423 940; baseline 0 -24"><span class='ocrx_word' id='word_1_50' title='bbox 394 859 797 919; x_wconf 88' lang='lat' dir='ltr'>Biblionomia</span> <span class='ocrx_word' id='word_1_51' title='bbox 871 851 1123 940; x_wconf 91' lang='lat' dir='ltr'>(Delisle</span> <span class='ocrx_word' id='word_1_52' title='bbox 1188 859 1244 918; x_wconf 91' lang='lat' dir='ltr'>le</span> <span class='ocrx_word' id='word_1_53' title='bbox 1317 858 1553 917; x_wconf 79' lang='lat' dir='ltr'><strong>cabinet</strong></span> <span class='ocrx_word' id='word_1_54' title='bbox 1628 857 1727 918; x_wconf 90' lang='lat' dir='ltr'>des</span> <span class='ocrx_word' id='word_1_55' title='bbox 1798 876 1970 916; x_wconf 91' lang='lat' dir='ltr'>mscr.</span> <span class='ocrx_word' id='word_1_56' title='bbox 2025 858 2087 916; x_wconf 89' lang='lat' dir='ltr'>H</span> <span class='ocrx_word' id='word_1_57' title='bbox 2147 860 2273 917; x_wconf 87' lang='lat'>514</span> <span class='ocrx_word' id='word_1_58' title='bbox 2295 876 2423 935; x_wconf 88' lang='lat' dir='ltr'>sqq.</span> 
     </span>
     <span class='ocr_line' id='line_1_8' title="bbox 395 946 2428 1025; baseline 0 -19"><span class='ocrx_word' id='word_1_59' title='bbox 395 947 515 1006; x_wconf 89' lang='lat' dir='ltr'>tab.</span> <span class='ocrx_word' id='word_1_60' title='bbox 546 948 650 1023; x_wconf 88' lang='lat' dir='ltr'>XI,</span> <span class='ocrx_word' id='word_1_61' title='bbox 684 950 827 1006; x_wconf 81' lang='lat'><strong>129.</strong></span> <span class='ocrx_word' id='word_1_62' title='bbox 919 946 1207 1006; x_wconf 89' lang='lat' dir='ltr'>Manitius</span> <span class='ocrx_word' id='word_1_63' title='bbox 1253 947 1364 1005; x_wconf 85' lang='lat' dir='ltr'>Rh.</span> <span class='ocrx_word' id='word_1_64' title='bbox 1398 947 1548 1006; x_wconf 90' lang='lat' dir='ltr'>Mus.</span> <span class='ocrx_word' id='word_1_65' title='bbox 1576 946 1649 1004; x_wconf 84' lang='lat' dir='ltr'><strong>N.</strong></span> <span class='ocrx_word' id='word_1_66' title='bbox 1688 947 1753 1006; x_wconf 81' lang='lat' dir='ltr'><strong>F.</strong></span> <span class='ocrx_word' id='word_1_67' title='bbox 1786 946 1867 1005; x_wconf 69' lang='lat'>4‘7</span> <span class='ocrx_word' id='word_1_68' title='bbox 1909 947 2428 1025; x_wconf 72' lang='lat' dir='ltr'>Erganzungsheft</span> 
     </span>
     <span class='ocr_line' id='line_1_9' title="bbox 395 1026 1946 1115; baseline -0.001 -21"><span class='ocrx_word' id='word_1_69' title='bbox 395 1035 452 1094; x_wconf 80' lang='lat' dir='ltr'><strong>S.</strong></span> <span class='ocrx_word' id='word_1_70' title='bbox 489 1036 597 1111; x_wconf 81' lang='lat' dir='ltr'>lff,</span> <span class='ocrx_word' id='word_1_71' title='bbox 646 1035 703 1095; x_wconf 83' lang='lat' dir='ltr'><strong>S.</strong></span> <span class='ocrx_word' id='word_1_72' title='bbox 737 1038 839 1115; x_wconf 88' lang='lat'>46,</span> <span class='ocrx_word' id='word_1_73' title='bbox 884 1035 1101 1112; x_wconf 90' lang='lat' dir='ltr'>Peiper</span> <span class='ocrx_word' id='word_1_74' title='bbox 1145 1037 1235 1094; x_wconf 92' lang='lat' dir='ltr'>De</span> <span class='ocrx_word' id='word_1_75' title='bbox 1266 1035 1398 1094; x_wconf 86' lang='lat' dir='ltr'>Sen.</span> <span class='ocrx_word' id='word_1_76' title='bbox 1427 1041 1581 1113; x_wconf 84' lang='lat' dir='ltr'>trag.</span> <span class='ocrx_word' id='word_1_77' title='bbox 1609 1036 1646 1093; x_wconf 90' lang='lat' dir='ltr'>l.</span> <span class='ocrx_word' id='word_1_78' title='bbox 1676 1055 1731 1096; x_wconf 86' lang='lat' dir='ltr'><strong>v.</strong></span> <span class='ocrx_word' id='word_1_79' title='bbox 1760 1056 1817 1112; x_wconf 87' lang='lat' dir='ltr'>p.</span> <span class='ocrx_word' id='word_1_80' title='bbox 1850 1026 1946 1115; x_wconf 84' lang='lat'>6):</span> 
     </span>
    </p>

    <p class='ocr_par' dir='ltr' id='par_1_4' title="bbox 391 1122 2462 1540">
     <span class='ocr_line' id='line_1_10' title="bbox 529 1122 2426 1202; baseline 0.001 -19"><span class='ocrx_word' id='word_1_81' title='bbox 529 1124 701 1184; x_wconf 86' lang='lat' dir='ltr'>Lucii</span> <span class='ocrx_word' id='word_1_82' title='bbox 746 1125 943 1184; x_wconf 90' lang='lat' dir='ltr'>Annei</span> <span class='ocrx_word' id='word_1_83' title='bbox 989 1123 1205 1184; x_wconf 89' lang='lat' dir='ltr'>Senece</span> <span class='ocrx_word' id='word_1_84' title='bbox 1255 1122 1647 1184; x_wconf 80' lang='lat' dir='ltr'>Cordubensis</span> <span class='ocrx_word' id='word_1_85' title='bbox 1676 1124 1854 1183; x_wconf 63' lang='lat' dir='ltr'>&gt;liber</span> <span class='ocrx_word' id='word_1_86' title='bbox 1907 1124 2311 1202; x_wconf 72' lang='lat' dir='ltr'>tragediarum</span> <span class='ocrx_word' id='word_1_87' title='bbox 2364 1129 2426 1185; x_wconf 92' lang='lat' dir='ltr'>et</span> 
     </span>
     <span class='ocr_line' id='line_1_11' title="bbox 394 1213 2424 1289; baseline 0 -17"><span class='ocrx_word' id='word_1_88' title='bbox 394 1217 534 1273; x_wconf 89' lang='lat' dir='ltr'>sunt</span> <span class='ocrx_word' id='word_1_89' title='bbox 592 1232 837 1283; x_wconf 86' lang='lat' dir='ltr'>numero</span> <span class='ocrx_word' id='word_1_90' title='bbox 898 1213 1123 1289; x_wconf 86' lang='lat' dir='ltr'>decem,</span> <span class='ocrx_word' id='word_1_91' title='bbox 1183 1214 1411 1274; x_wconf 86' lang='lat' dir='ltr'>scilicet</span> <span class='ocrx_word' id='word_1_92' title='bbox 1468 1213 1753 1273; x_wconf 87' lang='lat' dir='ltr'>Hercules</span> <span class='ocrx_word' id='word_1_93' title='bbox 1808 1213 2057 1289; x_wconf 82' lang='lat' dir='ltr'>FurenS,</span> <span class='ocrx_word' id='word_1_94' title='bbox 2118 1214 2424 1289; x_wconf 80' lang='lat' dir='ltr'>ThyesteS,</span> 
     </span>
     <span class='ocr_line' id='line_1_12' title="bbox 395 1301 2424 1381; baseline 0 -21"><span class='ocrx_word' id='word_1_95' title='bbox 395 1302 696 1379; x_wconf 83' lang='lat' dir='ltr'>Thebays,</span> <span class='ocrx_word' id='word_1_96' title='bbox 742 1303 1048 1379; x_wconf 90' lang='lat' dir='ltr'>Ypolitus,</span> <span class='ocrx_word' id='word_1_97' title='bbox 1094 1301 1390 1379; x_wconf 84' lang='lat' dir='ltr'>Edippus,</span> <span class='ocrx_word' id='word_1_98' title='bbox 1438 1302 1649 1377; x_wconf 87' lang='lat' dir='ltr'>Troas,</span> <span class='ocrx_word' id='word_1_99' title='bbox 1702 1301 1938 1377; x_wconf 82' lang='lat' dir='ltr'>Medea,</span> <span class='ocrx_word' id='word_1_100' title='bbox 1992 1302 2424 1381; x_wconf 86' lang='lat' dir='ltr'>Agamemnon,</span> 
     </span>
     <span class='ocr_line' id='line_1_13' title="bbox 393 1389 2462 1468; baseline 0 -18"><span class='ocrx_word' id='word_1_101' title='bbox 393 1389 644 1451; x_wconf 83' lang='lat' dir='ltr'>Octavia</span> <span class='ocrx_word' id='word_1_102' title='bbox 701 1394 762 1451; x_wconf 91' lang='lat' dir='ltr'>et</span> <span class='ocrx_word' id='word_1_103' title='bbox 817 1391 1099 1451; x_wconf 90' lang='lat' dir='ltr'>Hercules</span> <span class='ocrx_word' id='word_1_104' title='bbox 1145 1390 1389 1450; x_wconf 86' lang='lat' dir='ltr'>Etheus.</span> <span class='ocrx_word' id='word_1_105' title='bbox 1462 1391 1614 1450; x_wconf 89' lang='lat' dir='ltr'>Item</span> <span class='ocrx_word' id='word_1_106' title='bbox 1669 1391 1843 1450; x_wconf 89' lang='lat' dir='ltr'>ludus</span> <span class='ocrx_word' id='word_1_107' title='bbox 1899 1391 2159 1450; x_wconf 89' lang='lat' dir='ltr'>eiusdem</span> <span class='ocrx_word' id='word_1_108' title='bbox 2206 1390 2462 1468; x_wconf 10' lang='lat' dir='ltr'>Senecev</span> 
     </span>
     <span class='ocr_line' id='line_1_14' title="bbox 391 1478 1294 1540; baseline -0.002 -2"><span class='ocrx_word' id='word_1_109' title='bbox 391 1480 464 1540; x_wconf 89' lang='lat' dir='ltr'>de</span> <span class='ocrx_word' id='word_1_110' title='bbox 507 1484 699 1540; x_wconf 86' lang='lat' dir='ltr'>morte</span> <span class='ocrx_word' id='word_1_111' title='bbox 747 1478 981 1540; x_wconf 83' lang='lat' dir='ltr'>Claudii</span> <span class='ocrx_word' id='word_1_112' title='bbox 1025 1479 1294 1540; x_wconf 87' lang='lat' dir='ltr'>Neronis.</span> 
     </span>
    </p>

    <p class='ocr_par' dir='ltr' id='par_1_5' title="bbox 385 1560 2423 3247">
     <span class='ocr_line' id='line_1_15' title="bbox 526 1560 2423 1650; baseline 0.001 -22"><span class='ocrx_word' id='word_1_113' title='bbox 526 1570 619 1628; x_wconf 84' lang='lat' dir='ltr'>En</span> <span class='ocrx_word' id='word_1_114' title='bbox 649 1570 953 1646; x_wconf 86' lang='lat' dir='ltr'>exemplar</span> <span class='ocrx_word' id='word_1_115' title='bbox 979 1569 1378 1647; x_wconf 78' lang='lat' dir='ltr'>interpolatae</span> <span class='ocrx_word' id='word_1_116' title='bbox 1413 1568 1769 1628; x_wconf 81' lang='lat' dir='ltr'>recensionis</span> <span class='ocrx_word' id='word_1_117' title='bbox 1807 1560 1919 1650; x_wconf 86' lang='lat' dir='ltr'>(A)</span> <span class='ocrx_word' id='word_1_118' title='bbox 1957 1570 2235 1646; x_wconf 85' lang='lat' dir='ltr'>primum,</span> <span class='ocrx_word' id='word_1_119' title='bbox 2262 1570 2423 1645; x_wconf 87' lang='lat' dir='ltr'>quod</span> 
     </span>
     <span class='ocr_line' id='line_1_16' title="bbox 389 1657 2422 1736; baseline 0.001 -21"><span class='ocrx_word' id='word_1_120' title='bbox 389 1658 578 1734; x_wconf 88' lang='lat' dir='ltr'>ipsius</span> <span class='ocrx_word' id='word_1_121' title='bbox 637 1658 822 1717; x_wconf 88' lang='lat' dir='ltr'>medii</span> <span class='ocrx_word' id='word_1_122' title='bbox 883 1659 1014 1717; x_wconf 84' lang='lat' dir='ltr'>aevi</span> <span class='ocrx_word' id='word_1_123' title='bbox 1072 1657 1439 1733; x_wconf 88' lang='lat' dir='ltr'>temporibus</span> <span class='ocrx_word' id='word_1_124' title='bbox 1500 1658 1827 1734; x_wconf 90' lang='lat' dir='ltr'>usquedum</span> <span class='ocrx_word' id='word_1_125' title='bbox 1887 1659 2087 1734; x_wconf 91' lang='lat' dir='ltr'>potuit</span> <span class='ocrx_word' id='word_1_126' title='bbox 2144 1658 2422 1736; x_wconf 88' lang='lat' dir='ltr'>indagari</span> 
     </span>
     <span class='ocr_line' id='line_1_17' title="bbox 391 1739 2420 1828; baseline 0 -23"><span class='ocrx_word' id='word_1_127' title='bbox 391 1739 667 1826; x_wconf 82' lang='lat' dir='ltr'>(Richter</span> <span class='ocrx_word' id='word_1_128' title='bbox 710 1747 782 1805; x_wconf 90' lang='lat' dir='ltr'>K.</span> <span class='ocrx_word' id='word_1_129' title='bbox 824 1746 895 1805; x_wconf 89' lang='lat' dir='ltr'>U.</span> <span class='ocrx_word' id='word_1_130' title='bbox 918 1768 991 1824; x_wconf 90' lang='lat' dir='ltr'>p.</span> <span class='ocrx_word' id='word_1_131' title='bbox 1033 1749 1068 1805; x_wconf 89' lang='grc'>6</span> <span class='ocrx_word' id='word_1_132' title='bbox 1109 1767 1166 1804; x_wconf 93' lang='lat' dir='ltr'>n.</span> <span class='ocrx_word' id='word_1_133' title='bbox 1209 1739 1304 1828; x_wconf 87' lang='lat'>3),</span> <span class='ocrx_word' id='word_1_134' title='bbox 1360 1744 1516 1805; x_wconf 88' lang='lat' dir='ltr'>unde</span> <span class='ocrx_word' id='word_1_135' title='bbox 1571 1765 1689 1805; x_wconf 92' lang='lat' dir='ltr'>non</span> <span class='ocrx_word' id='word_1_136' title='bbox 1734 1748 1933 1823; x_wconf 88' lang='lat' dir='ltr'>inepte</span> <span class='ocrx_word' id='word_1_137' title='bbox 1988 1748 2304 1806; x_wconf 87' lang='lat' dir='ltr'>conieceris</span> <span class='ocrx_word' id='word_1_138' title='bbox 2351 1767 2420 1806; x_wconf 80' lang='lat' dir='ltr'>ex</span> 
     </span>
     <span class='ocr_line' id='line_1_18' title="bbox 389 1833 2421 1912; baseline 0.001 -19"><span class='ocrx_word' id='word_1_139' title='bbox 389 1835 574 1894; x_wconf 88' lang='lat' dir='ltr'>Italia</span> <span class='ocrx_word' id='word_1_140' title='bbox 620 1837 872 1912; x_wconf 85' lang='lat' dir='ltr'>antiquo</span> <span class='ocrx_word' id='word_1_141' title='bbox 918 1839 1182 1912; x_wconf 90' lang='lat' dir='ltr'>tempore</span> <span class='ocrx_word' id='word_1_142' title='bbox 1218 1837 1402 1895; x_wconf 87' lang='lat' dir='ltr'>istam</span> <span class='ocrx_word' id='word_1_143' title='bbox 1444 1837 1841 1894; x_wconf 81' lang='lat' dir='ltr'>recensionem</span> <span class='ocrx_word' id='word_1_144' title='bbox 1887 1836 1951 1893; x_wconf 90' lang='lat' dir='ltr'>in</span> <span class='ocrx_word' id='word_1_145' title='bbox 1990 1833 2248 1894; x_wconf 81' lang='lat' dir='ltr'>Galliam</span> <span class='ocrx_word' id='word_1_146' title='bbox 2294 1855 2421 1896; x_wconf 89' lang='lat' dir='ltr'>esse</span> 
     </span>
     <span class='ocr_line' id='line_1_19' title="bbox 388 1917 2421 2006; baseline 0 -23"><span class='ocrx_word' id='word_1_147' title='bbox 388 1927 747 1985; x_wconf 86' lang='lat' dir='ltr'>translatam</span> <span class='ocrx_word' id='word_1_148' title='bbox 794 1928 974 2000; x_wconf 88' lang='lat' dir='ltr'>atque</span> <span class='ocrx_word' id='word_1_149' title='bbox 1018 1917 1377 2006; x_wconf 77' lang='lat' dir='ltr'>diffusam.*)</span> <span class='ocrx_word' id='word_1_150' title='bbox 1450 1924 1587 1983; x_wconf 87' lang='lat' dir='ltr'>Non</span> <span class='ocrx_word' id='word_1_151' title='bbox 1632 1927 1832 1983; x_wconf 89' lang='lat' dir='ltr'>tamen</span> <span class='ocrx_word' id='word_1_152' title='bbox 1876 1925 1942 1982; x_wconf 89' lang='lat' dir='ltr'>in</span> <span class='ocrx_word' id='word_1_153' title='bbox 1977 1923 2159 1983; x_wconf 91' lang='lat' dir='ltr'>Italia</span> <span class='ocrx_word' id='word_1_154' title='bbox 2202 1944 2421 2002; x_wconf 89' lang='lat' dir='ltr'>propa·</span> 
     </span>
     <span class='ocr_line' id='line_1_20' title="bbox 390 2012 2423 2092; baseline 0.001 -19"><span class='ocrx_word' id='word_1_155' title='bbox 390 2016 521 2092; x_wconf 85' lang='lat' dir='ltr'>gari</span> <span class='ocrx_word' id='word_1_156' title='bbox 577 2012 780 2089; x_wconf 90' lang='lat' dir='ltr'>desiit,</span> <span class='ocrx_word' id='word_1_157' title='bbox 834 2012 898 2072; x_wconf 90' lang='lat' dir='ltr'>id</span> <span class='ocrx_word' id='word_1_158' title='bbox 954 2013 1114 2090; x_wconf 86' lang='lat' dir='ltr'>quod</span> <span class='ocrx_word' id='word_1_159' title='bbox 1168 2012 1308 2072; x_wconf 84' lang='lat' dir='ltr'>libri</span> <span class='ocrx_word' id='word_1_160' title='bbox 1364 2032 1400 2072; x_wconf 91' lang='lat' dir='ltr'>a</span> <span class='ocrx_word' id='word_1_161' title='bbox 1455 2013 1876 2074; x_wconf 84' lang='lat' dir='ltr'>vetustioribus</span> <span class='ocrx_word' id='word_1_162' title='bbox 1935 2013 2107 2073; x_wconf 90' lang='lat' dir='ltr'>Italis</span> <span class='ocrx_word' id='word_1_163' title='bbox 2163 2013 2423 2075; x_wconf 85' lang='lat' dir='ltr'>adhibiti</span> 
     </span>
     <span class='ocr_line' id='line_1_21' title="bbox 388 2100 2419 2180; baseline 0 -20"><span class='ocrx_word' id='word_1_164' title='bbox 388 2103 718 2162; x_wconf 89' lang='lat' dir='ltr'>luculenter</span> <span class='ocrx_word' id='word_1_165' title='bbox 766 2103 1099 2162; x_wconf 88' lang='lat' dir='ltr'>ostendunt.</span> <span class='ocrx_word' id='word_1_166' title='bbox 1144 2122 1336 2178; x_wconf 91' lang='lat' dir='ltr'>neque</span> <span class='ocrx_word' id='word_1_167' title='bbox 1379 2102 1602 2163; x_wconf 88' lang='lat' dir='ltr'>directo</span> <span class='ocrx_word' id='word_1_168' title='bbox 1644 2103 1848 2161; x_wconf 89' lang='lat' dir='ltr'>ordine</span> <span class='ocrx_word' id='word_1_169' title='bbox 1888 2102 1952 2161; x_wconf 91' lang='lat' dir='ltr'>in</span> <span class='ocrx_word' id='word_1_170' title='bbox 1993 2100 2190 2161; x_wconf 84' lang='lat' dir='ltr'>Gallia</span> <span class='ocrx_word' id='word_1_171' title='bbox 2227 2123 2258 2162; x_wconf 90' lang='lat' dir='ltr'>e</span> <span class='ocrx_word' id='word_1_172' title='bbox 2294 2104 2419 2180; x_wconf 89' lang='lat' dir='ltr'>pri-</span> 
     </span>
     <span class='ocr_line' id='line_1_22' title="bbox 387 2190 2419 2267; baseline 0 -17"><span class='ocrx_word' id='word_1_173' title='bbox 387 2193 578 2251; x_wconf 90' lang='lat' dir='ltr'>mario</span> <span class='ocrx_word' id='word_1_174' title='bbox 616 2191 876 2267; x_wconf 89' lang='lat' dir='ltr'>quodam</span> <span class='ocrx_word' id='word_1_175' title='bbox 911 2190 1075 2250; x_wconf 89' lang='lat' dir='ltr'>fonte</span> <span class='ocrx_word' id='word_1_176' title='bbox 1111 2191 1298 2250; x_wconf 85' lang='lat' dir='ltr'>fluxit.</span> <span class='ocrx_word' id='word_1_177' title='bbox 1381 2192 1540 2250; x_wconf 85' lang='lat' dir='ltr'>Nam</span> <span class='ocrx_word' id='word_1_178' title='bbox 1575 2194 1861 2266; x_wconf 73' lang='lat' dir='ltr'>florileyia</span> <span class='ocrx_word' id='word_1_179' title='bbox 1898 2195 1957 2251; x_wconf 87' lang='lat' dir='ltr'>et</span> <span class='ocrx_word' id='word_1_180' title='bbox 1994 2196 2252 2265; x_wconf 77' lang='lat' dir='ltr'>excerpta</span> <span class='ocrx_word' id='word_1_181' title='bbox 2292 2193 2419 2252; x_wconf 91' lang='lat' dir='ltr'>illis</span> 
     </span>
     <span class='ocr_line' id='line_1_23' title="bbox 389 2278 2418 2359; baseline 0 -21"><span class='ocrx_word' id='word_1_182' title='bbox 389 2280 636 2339; x_wconf 87' lang='lat' dir='ltr'>saeculis</span> <span class='ocrx_word' id='word_1_183' title='bbox 674 2282 737 2339; x_wconf 92' lang='lat' dir='ltr'>in</span> <span class='ocrx_word' id='word_1_184' title='bbox 766 2299 837 2339; x_wconf 88' lang='lat' dir='ltr'>ea</span> <span class='ocrx_word' id='word_1_185' title='bbox 871 2280 1180 2357; x_wconf 85' lang='lat' dir='ltr'>provincia</span> <span class='ocrx_word' id='word_1_186' title='bbox 1207 2299 1239 2339; x_wconf 89' lang='lat' dir='ltr'>e</span> <span class='ocrx_word' id='word_1_187' title='bbox 1269 2278 1525 2339; x_wconf 85' lang='lat' dir='ltr'>Senecae</span> <span class='ocrx_word' id='word_1_188' title='bbox 1561 2281 1884 2359; x_wconf 87' lang='lat' dir='ltr'>tragoediis</span> <span class='ocrx_word' id='word_1_189' title='bbox 1915 2282 2181 2340; x_wconf 84' lang='lat' dir='ltr'>confecta</span> <span class='ocrx_word' id='word_1_190' title='bbox 2208 2299 2418 2357; x_wconf 88' lang='lat' dir='ltr'>quam-</span> 
     </span>
     <span class='ocr_line' id='line_1_24' title="bbox 389 2369 2417 2445; baseline 0.001 -19"><span class='ocrx_word' id='word_1_191' title='bbox 389 2387 569 2444; x_wconf 89' lang='lat' dir='ltr'>quam</span> <span class='ocrx_word' id='word_1_192' title='bbox 620 2369 695 2427; x_wconf 93' lang='lat' dir='ltr'>ad</span> <span class='ocrx_word' id='word_1_193' title='bbox 742 2370 1168 2445; x_wconf 88' lang='lat' dir='ltr'>interpolatam</span> <span class='ocrx_word' id='word_1_194' title='bbox 1212 2369 1612 2429; x_wconf 88' lang='lat' dir='ltr'>recensionem</span> <span class='ocrx_word' id='word_1_195' title='bbox 1656 2370 1904 2429; x_wconf 91' lang='lat' dir='ltr'>redeunt</span> <span class='ocrx_word' id='word_1_196' title='bbox 1949 2372 2165 2445; x_wconf 87' lang='lat' dir='ltr'>omnia,</span> <span class='ocrx_word' id='word_1_197' title='bbox 2211 2389 2281 2429; x_wconf 80' lang='lat' dir='ltr'>ex</span> <span class='ocrx_word' id='word_1_198' title='bbox 2327 2370 2417 2428; x_wconf 80' lang='lat' dir='ltr'>di-</span> 
     </span>
     <span class='ocr_line' id='line_1_25' title="bbox 389 2457 2416 2535; baseline 0.001 -20"><span class='ocrx_word' id='word_1_199' title='bbox 389 2459 573 2517; x_wconf 83' lang='lat' dir='ltr'>versis</span> <span class='ocrx_word' id='word_1_200' title='bbox 621 2460 823 2517; x_wconf 79' lang='lat' dir='ltr'>tamen</span> <span class='ocrx_word' id='word_1_201' title='bbox 868 2457 1311 2535; x_wconf 82' lang='lat' dir='ltr'>tragoediarum</span> <span class='ocrx_word' id='word_1_202' title='bbox 1360 2458 1789 2534; x_wconf 83' lang='lat' dir='ltr'>exemplaribus</span> <span class='ocrx_word' id='word_1_203' title='bbox 1836 2458 2099 2518; x_wconf 87' lang='lat' dir='ltr'>delibata</span> <span class='ocrx_word' id='word_1_204' title='bbox 2143 2476 2268 2518; x_wconf 89' lang='lat' dir='ltr'>esse</span> <span class='ocrx_word' id='word_1_205' title='bbox 2314 2478 2416 2518; x_wconf 91' lang='lat' dir='ltr'>ne-</span> 
     </span>
     <span class='ocr_line' id='line_1_26' title="bbox 387 2545 2416 2624; baseline 0.001 -20"><span class='ocrx_word' id='word_1_206' title='bbox 387 2548 609 2605; x_wconf 91' lang='lat' dir='ltr'>minem</span> <span class='ocrx_word' id='word_1_207' title='bbox 666 2546 859 2624; x_wconf 86' lang='lat' dir='ltr'>fugiet</span> <span class='ocrx_word' id='word_1_208' title='bbox 914 2548 1245 2606; x_wconf 87' lang='lat' dir='ltr'>accuratius</span> <span class='ocrx_word' id='word_1_209' title='bbox 1293 2567 1365 2606; x_wconf 90' lang='lat' dir='ltr'>ea</span> <span class='ocrx_word' id='word_1_210' title='bbox 1412 2549 1861 2607; x_wconf 75' lang='lat' dir='ltr'>examinantem.</span> <span class='ocrx_word' id='word_1_211' title='bbox 1955 2545 2148 2615; x_wconf 86' lang='lat' dir='ltr'>Quare</span> <span class='ocrx_word' id='word_1_212' title='bbox 2202 2566 2322 2606; x_wconf 94' lang='lat' dir='ltr'>non</span> <span class='ocrx_word' id='word_1_213' title='bbox 2378 2567 2416 2606; x_wconf 91' lang='lat' dir='ltr'>a</span> 
     </span>
     <span class='ocr_line' id='line_1_27' title="bbox 387 2635 2414 2712; baseline 0.001 -19"><span class='ocrx_word' id='word_1_214' title='bbox 387 2655 480 2695; x_wconf 89' lang='lat' dir='ltr'>me</span> <span class='ocrx_word' id='word_1_215' title='bbox 536 2635 857 2712; x_wconf 86' lang='lat' dir='ltr'>impetrare</span> <span class='ocrx_word' id='word_1_216' title='bbox 912 2638 1109 2711; x_wconf 87' lang='lat' dir='ltr'>potui,</span> <span class='ocrx_word' id='word_1_217' title='bbox 1163 2638 1233 2695; x_wconf 88' lang='lat' dir='ltr'>ut</span> <span class='ocrx_word' id='word_1_218' title='bbox 1287 2637 1616 2696; x_wconf 89' lang='lat' dir='ltr'>sententiae</span> <span class='ocrx_word' id='word_1_219' title='bbox 1674 2636 1747 2694; x_wconf 91' lang='lat' dir='ltr'>de</span> <span class='ocrx_word' id='word_1_220' title='bbox 1806 2636 2094 2712; x_wconf 88' lang='lat' dir='ltr'>peculiari</span> <span class='ocrx_word' id='word_1_221' title='bbox 2155 2635 2414 2712; x_wconf 88' lang='lat' dir='ltr'>quodam</span> 
     </span>
     <span class='ocr_line' id='line_1_28' title="bbox 385 2717 2413 2808; baseline 0.001 -26"><span class='ocrx_word' id='word_1_222' title='bbox 385 2727 554 2783; x_wconf 86' lang='lat' dir='ltr'>textu</span> <span class='ocrx_word' id='word_1_223' title='bbox 611 2724 842 2784; x_wconf 86' lang='lat' dir='ltr'>Gallico</span> <span class='ocrx_word' id='word_1_224' title='bbox 899 2744 937 2784; x_wconf 87' lang='lat' dir='ltr'>a</span> <span class='ocrx_word' id='word_1_225' title='bbox 990 2724 1237 2800; x_wconf 90' lang='lat' dir='ltr'>Peipero</span> <span class='ocrx_word' id='word_1_226' title='bbox 1291 2726 1563 2802; x_wconf 89' lang='lat' dir='ltr'>prolatae</span> <span class='ocrx_word' id='word_1_227' title='bbox 1624 2717 1742 2806; x_wconf 90' lang='lat' dir='ltr'>(De</span> <span class='ocrx_word' id='word_1_228' title='bbox 1790 2724 1920 2785; x_wconf 85' lang='lat' dir='ltr'>Sen.</span> <span class='ocrx_word' id='word_1_229' title='bbox 1968 2728 2041 2783; x_wconf 89' lang='lat' dir='ltr'>tr.</span> <span class='ocrx_word' id='word_1_230' title='bbox 2080 2726 2120 2782; x_wconf 94' lang='grc'>1.</span> <span class='ocrx_word' id='word_1_231' title='bbox 2161 2745 2213 2783; x_wconf 87' lang='lat' dir='ltr'><strong>v.</strong></span> <span class='ocrx_word' id='word_1_232' title='bbox 2253 2746 2309 2802; x_wconf 92' lang='lat' dir='ltr'>p.</span> <span class='ocrx_word' id='word_1_233' title='bbox 2344 2718 2413 2808; x_wconf 90' lang='lat'>6)</span> 
     </span>
     <span class='ocr_line' id='line_1_29' title="bbox 389 2805 2413 2896; baseline 0 -23"><span class='ocrx_word' id='word_1_234' title='bbox 389 2814 726 2873; x_wconf 88' lang='lat' dir='ltr'>accederem</span> <span class='ocrx_word' id='word_1_235' title='bbox 783 2806 880 2896; x_wconf 86' lang='lat' dir='ltr'><strong>(K.</strong></span> <span class='ocrx_word' id='word_1_236' title='bbox 921 2813 992 2872; x_wconf 88' lang='lat' dir='ltr'><strong>U.</strong></span> <span class='ocrx_word' id='word_1_237' title='bbox 1030 2834 1088 2891; x_wconf 91' lang='lat' dir='ltr'>p.</span> <span class='ocrx_word' id='word_1_238' title='bbox 1123 2805 1250 2893; x_wconf 87' lang='lat'><strong>13).</strong></span> <span class='ocrx_word' id='word_1_239' title='bbox 1347 2811 1463 2874; x_wconf 84' lang='lat' dir='ltr'>Sed</span> <span class='ocrx_word' id='word_1_240' title='bbox 1517 2814 1845 2874; x_wconf 88' lang='lat' dir='ltr'>luculenter</span> <span class='ocrx_word' id='word_1_241' title='bbox 1903 2814 2014 2894; x_wconf 72' lang='lat' dir='ltr'>illa</span> <span class='ocrx_word' id='word_1_242' title='bbox 2074 2813 2413 2891; x_wconf 85' lang='lat' dir='ltr'>ostendunt,</span> 
     </span>
     <span class='ocr_line' id='line_1_30' title="bbox 386 2901 2413 2979; baseline 0.001 -18"><span class='ocrx_word' id='word_1_243' title='bbox 386 2903 552 2962; x_wconf 93' lang='lat' dir='ltr'>nullo</span> <span class='ocrx_word' id='word_1_244' title='bbox 607 2906 873 2979; x_wconf 88' lang='lat' dir='ltr'>tempore</span> <span class='ocrx_word' id='word_1_245' title='bbox 929 2902 1201 2978; x_wconf 81' lang='lat' dir='ltr'>defuisse,</span> <span class='ocrx_word' id='word_1_246' title='bbox 1258 2904 1363 2978; x_wconf 89' lang='lat' dir='ltr'>qui</span> <span class='ocrx_word' id='word_1_247' title='bbox 1419 2901 1671 2962; x_wconf 84' lang='lat' dir='ltr'>Senecae</span> <span class='ocrx_word' id='word_1_248' title='bbox 1725 2903 2048 2979; x_wconf 86' lang='lat' dir='ltr'>tragoediis</span> <span class='ocrx_word' id='word_1_249' title='bbox 2101 2904 2166 2960; x_wconf 91' lang='lat' dir='ltr'>in</span> <span class='ocrx_word' id='word_1_250' title='bbox 2213 2902 2413 2963; x_wconf 83' lang='lat' dir='ltr'>Gallia</span> 
     </span>
     <span class='ocr_line' id='line_1_31' title="bbox 387 2992 2413 3070; baseline 0 -19"><span class='ocrx_word' id='word_1_251' title='bbox 387 3010 629 3068; x_wconf 84' lang='lat' dir='ltr'>operam</span> <span class='ocrx_word' id='word_1_252' title='bbox 676 2992 901 3067; x_wconf 88' lang='lat' dir='ltr'>darent,</span> <span class='ocrx_word' id='word_1_253' title='bbox 939 3010 1301 3068; x_wconf 86' lang='lat' dir='ltr'>quamquam</span> <span class='ocrx_word' id='word_1_254' title='bbox 1346 3010 1465 3052; x_wconf 94' lang='lat' dir='ltr'>non</span> <span class='ocrx_word' id='word_1_255' title='bbox 1512 3010 1582 3051; x_wconf 89' lang='lat' dir='ltr'>ea</span> <span class='ocrx_word' id='word_1_256' title='bbox 1623 2994 1820 3051; x_wconf 87' lang='lat' dir='ltr'>mente</span> <span class='ocrx_word' id='word_1_257' title='bbox 1857 2994 1926 3049; x_wconf 90' lang='lat' dir='ltr'>ut</span> <span class='ocrx_word' id='word_1_258' title='bbox 1963 2992 2109 3051; x_wconf 89' lang='lat' dir='ltr'>artis</span> <span class='ocrx_word' id='word_1_259' title='bbox 2145 2993 2413 3070; x_wconf 85' lang='lat' dir='ltr'>tragicae</span> 
     </span>
     <span class='ocr_line' id='line_1_32' title="bbox 386 3080 2412 3158; baseline 0 -20"><span class='ocrx_word' id='word_1_260' title='bbox 386 3081 547 3157; x_wconf 88' lang='lat' dir='ltr'>leges</span> <span class='ocrx_word' id='word_1_261' title='bbox 587 3081 962 3156; x_wconf 88' lang='lat' dir='ltr'>explorarent</span> <span class='ocrx_word' id='word_1_262' title='bbox 998 3082 1093 3140; x_wconf 85' lang='lat' dir='ltr'>vel</span> <span class='ocrx_word' id='word_1_263' title='bbox 1129 3082 1394 3158; x_wconf 86' lang='lat' dir='ltr'>tragicae</span> <span class='ocrx_word' id='word_1_264' title='bbox 1421 3081 1615 3157; x_wconf 88' lang='lat' dir='ltr'>poesis</span> <span class='ocrx_word' id='word_1_265' title='bbox 1641 3080 1930 3140; x_wconf 82' lang='lat' dir='ltr'>fructibus</span> <span class='ocrx_word' id='word_1_266' title='bbox 1960 3080 2412 3156; x_wconf 89' lang='lat' dir='ltr'>delectarentur,</span> 
     </span>
     <span class='ocr_line' id='line_1_33' title="bbox 389 3168 2412 3247; baseline 0 -19"><span class='ocrx_word' id='word_1_267' title='bbox 389 3168 492 3228; x_wconf 91' lang='lat' dir='ltr'>sed</span> <span class='ocrx_word' id='word_1_268' title='bbox 521 3172 719 3229; x_wconf 87' lang='lat' dir='ltr'>animo</span> <span class='ocrx_word' id='word_1_269' title='bbox 749 3169 825 3229; x_wconf 90' lang='lat' dir='ltr'>ad</span> <span class='ocrx_word' id='word_1_270' title='bbox 859 3171 1113 3230; x_wconf 91' lang='lat' dir='ltr'>morales</span> <span class='ocrx_word' id='word_1_271' title='bbox 1141 3170 1465 3229; x_wconf 88' lang='lat' dir='ltr'>sententias</span> <span class='ocrx_word' id='word_1_272' title='bbox 1504 3188 1572 3228; x_wconf 86' lang='lat' dir='ltr'>ex</span> <span class='ocrx_word' id='word_1_273' title='bbox 1607 3172 1785 3245; x_wconf 86' lang='lat' dir='ltr'>poeta</span> <span class='ocrx_word' id='word_1_274' title='bbox 1822 3169 2031 3228; x_wconf 86' lang='lat' dir='ltr'>ethicis</span> <span class='ocrx_word' id='word_1_275' title='bbox 2076 3172 2412 3247; x_wconf 88' lang='lat' dir='ltr'>praeceptis</span> 
     </span>
    </p>
   </div>
   <div class='ocr_carea' id='block_1_3' title="bbox 378 3313 805 3326">
    <p class='ocr_par' dir='ltr' id='par_1_6' title="bbox 378 3313 805 3326">
     <span class='ocr_line' id='line_1_34' title="bbox 378 3313 805 3326; baseline 0 791"><span class='ocrx_word' id='word_1_276' title='bbox 378 3313 805 3326; x_wconf 95' lang='lat' dir='ltr'> </span> 
     </span>
    </p>
   </div>
   <div class='ocr_carea' id='block_1_4' title="bbox 379 3408 2422 3691">
    <p class='ocr_par' dir='ltr' id='par_1_7' title="bbox 379 3408 2422 3691">
     <span class='ocr_line' id='line_1_35' title="bbox 524 3408 2409 3479; baseline -0.002 -11"><span class='ocrx_word' id='word_1_277' title='bbox 524 3408 572 3468; x_wconf 64' lang='lat' dir='ltr'>*l</span> <span class='ocrx_word' id='word_1_278' title='bbox 609 3409 778 3464; x_wconf 88' lang='lat' dir='ltr'>Liber</span> <span class='ocrx_word' id='word_1_279' title='bbox 805 3409 1037 3478; x_wconf 88' lang='lat' dir='ltr'>quidam</span> <span class='ocrx_word' id='word_1_280' title='bbox 1066 3409 1276 3464; x_wconf 87' lang='lat' dir='ltr'>saeculi</span> <span class='ocrx_word' id='word_1_281' title='bbox 1304 3409 1408 3462; x_wconf 89' lang='lat' dir='ltr'>XII</span> <span class='ocrx_word' id='word_1_282' title='bbox 1444 3410 1503 3463; x_wconf 91' lang='lat' dir='ltr'>in</span> <span class='ocrx_word' id='word_1_283' title='bbox 1533 3410 1765 3464; x_wconf 87' lang='lat' dir='ltr'>civitate</span> <span class='ocrx_word' id='word_1_284' title='bbox 1802 3410 2051 3479; x_wconf 84' lang='lat' dir='ltr'>Bourges</span> <span class='ocrx_word' id='word_1_285' title='bbox 2090 3412 2409 3464; x_wconf 84' lang='lat' dir='ltr'>asservatus</span> 
     </span>
     <span class='ocr_line' id='line_1_36' title="bbox 383 3478 2405 3550; baseline 0.001 -17"><span class='ocrx_word' id='word_1_286' title='bbox 383 3478 617 3546; x_wconf 70' lang='lat' dir='ltr'>(Delisle&#39;</span> <span class='ocrx_word' id='word_1_287' title='bbox 650 3481 727 3533; x_wconf 98' lang='grc' dir='ltr'>ΙΙ</span> <span class='ocrx_word' id='word_1_288' title='bbox 765 3485 895 3547; x_wconf 84' lang='grc'><strong><em>508,</em></strong></span> <span class='ocrx_word' id='word_1_289' title='bbox 940 3482 1224 3535; x_wconf 77' lang='lat' dir='ltr'>Manitius</span> <span class='ocrx_word' id='word_1_290' title='bbox 1260 3498 1319 3550; x_wconf 79' lang='lat' dir='ltr'>p.</span> <span class='ocrx_word' id='word_1_291' title='bbox 1351 3485 1446 3549; x_wconf 79' lang='lat'>45)</span> <span class='ocrx_word' id='word_1_292' title='bbox 1494 3481 1578 3534; x_wconf 87' lang='lat' dir='ltr'>ita</span> <span class='ocrx_word' id='word_1_293' title='bbox 1619 3481 1679 3534; x_wconf 85' lang='lat' dir='ltr'>in</span> <span class='ocrx_word' id='word_1_294' title='bbox 1731 3480 1990 3550; x_wconf 87' lang='lat' dir='ltr'>catalogo</span> <span class='ocrx_word' id='word_1_295' title='bbox 2034 3481 2405 3550; x_wconf 86' lang='lat' dir='ltr'>perscriptus:</span> 
     </span>
     <span class='ocr_line' id='line_1_37' title="bbox 383 3549 2422 3621; baseline 0.001 -19"><span class='ocrx_word' id='word_1_296' title='bbox 383 3549 618 3604; x_wconf 75' lang='lat' dir='ltr'>‘Lucius</span> <span class='ocrx_word' id='word_1_297' title='bbox 656 3550 869 3604; x_wconf 87' lang='lat' dir='ltr'>Ennius</span> <span class='ocrx_word' id='word_1_298' title='bbox 906 3551 1029 3621; x_wconf 86' lang='lat' dir='ltr'>(sic)</span> <span class='ocrx_word' id='word_1_299' title='bbox 1068 3551 1278 3606; x_wconf 87' lang='lat' dir='ltr'>Seneca</span> <span class='ocrx_word' id='word_1_300' title='bbox 1315 3550 1719 3606; x_wconf 86' lang='lat' dir='ltr'>Cordubensis’</span> <span class='ocrx_word' id='word_1_301' title='bbox 1761 3570 1895 3606; x_wconf 89' lang='lat' dir='ltr'>num</span> <span class='ocrx_word' id='word_1_302' title='bbox 1923 3552 2244 3621; x_wconf 83' lang='lat' dir='ltr'>tragoedias</span> <span class='ocrx_word' id='word_1_303' title='bbox 2275 3567 2422 3606; x_wconf 64' lang='lat' dir='ltr'>con-</span> 
     </span>
     <span class='ocr_line' id='line_1_38' title="bbox 379 3620 1824 3691; baseline 0.001 -16"><span class='ocrx_word' id='word_1_304' title='bbox 379 3621 615 3675; x_wconf 85' lang='lat' dir='ltr'>tinuerit</span> <span class='ocrx_word' id='word_1_305' title='bbox 647 3638 920 3691; x_wconf 89' lang='lat' dir='ltr'>perquam</span> <span class='ocrx_word' id='word_1_306' title='bbox 958 3621 1187 3675; x_wconf 89' lang='lat' dir='ltr'>dubium</span> <span class='ocrx_word' id='word_1_307' title='bbox 1227 3624 1326 3676; x_wconf 89' lang='lat' dir='ltr'>est.</span> <span class='ocrx_word' id='word_1_308' title='bbox 1349 3659 1361 3669; x_wconf 80' lang='grc'><strong>.</strong></span> <span class='ocrx_word' id='word_1_309' title='bbox 1819 3620 1824 3624; x_wconf 74' lang='grc'><em>“</em></span> 
     </span>
    </p>
   </div>
  </div>
 </body>
</html>
