2658 4117
403 268 533 332 276
1051 269 1109 322 L.
1141 267 1424 322 ANNAEI
1461 268 1786 324 SENECAE

399 432 510 477 ΕΒ.
557 413 878 496 Excessit,
925 413 1108 496 abiit,
1155 436 1378 479 currus
1424 414 1662 479 effreno
1709 416 1956 499 impetu

400 495 629 588 effugit
673 503 892 567 aciem.
982 507 1125 567 tuta
1169 504 1297 567 iam
1347 504 1643 586 opperiar
1685 526 1863 569 meos
2326 523 2435 571 945

397 591 618 656 hostes
666 595 730 655 et
774 589 946 654 ultro
993 593 1244 656 vulneri
1290 614 1614 693 opponam
1662 597 1874 676 caput:

532 678 736 744 Adest
781 685 1044 745 cruenta
1089 681 1383 767 coniugis
1430 682 1660 745 victrix
1708 683 1808 745 sui

401 773 466 837 et
512 769 697 854 signa
743 769 953 833 caedis
999 773 1176 833 veste
1221 772 1542 834 maculata
1588 771 1770 857 gerit.

400 880 628 921 manus
674 859 914 922 recenti
962 859 1273 945 sanguine
1320 858 1689 923 etiamnunc
1733 859 1995 923 madent

288 977 303 992 ·
398 947 744 1030 vultusque
790 969 942 1030 prae
990 968 1058 1011 se
1105 945 1342 1011 scelera
1388 949 1735 1011 truculenti
1778 948 2010 1012 ferunt.
2325 963 2435 1013 950

400 1036 745 1099 concedam
793 1036 872 1099 ad
920 1057 1077 1099 aras.
1169 1040 1388 1118 patere
1434 1058 1538 1099 me
1583 1037 1764 1100 vittis
1809 1037 1967 1118 imis,

401 1120 781 1205 Cassandra,
827 1125 1010 1209 iungi
1055 1125 1234 1208 paria
1280 1128 1674 1188 metuentem
1720 1125 1858 1189 tibi.

570 1332 1213 1400 CLYTEMESTRA
1285 1333 1696 1399 ELEGTRA
1767 1333 2256 1400 AEGISTHVS

1160 1439 1683 1506 OASSANDRA

529 1564 756 1629 Hostis
802 1566 1112 1649 parentis,
1159 1566 1431 1649 impium
1478 1569 1671 1649 atque
1717 1566 1926 1629 audax
1972 1569 2192 1650 caput,

399 1676 527 1739 quo
575 1676 752 1718 more
801 1658 1020 1718 coetus
1067 1654 1363 1737 publicos
1409 1655 1592 1740 virgo
1639 1654 1849 1739 petis?

396 1761 504 1806 ΕΒ.
552 1740 1011 1807 Adulterorum
1059 1744 1242 1828 virgo
1291 1743 1542 1807 deserui
1588 1743 1868 1807 domum.
2325 1759 2430 1807 955

402 1849 600 1897 ΟΒῩΤ.
649 1830 806 1907 Quis
853 1854 989 1896 esse
1036 1832 1251 1896 credat
1295 1833 1657 1917 virginem?
1749 1849 1857 1895 ΕΒ.
1912 1830 2149 1896 Natam
2205 1833 2432 1896 huam?

405 1937 602 1986 GLYT.
651 1919 1007 1985 Modestius
1055 1943 1201 1986 cum
1249 1925 1470 1985 matre.
1560 1938 1669 1984 ΕΒ.
1716 1920 2029 1985 Pietatem
2078 1920 2311 1984 doces?

403 2025 603 2074 GLYT.
650 2006 921 2075 Animos
969 2009 1184 2074 viriles
1234 2010 1424 2075 corde
1470 2011 1820 2075 tumefacto
1869 2010 2063 2095 geris3

396 2098 507 2162 sed
555 2120 743 2184 agere
791 2098 1035 2163 domita
1077 2100 1385 2163 feminam
1435 2099 1638 2163 disces
1685 2101 1874 2162 malo,

393 2204 503 2252 ΕΒ.
549 2185 696 2250 Nisi
741 2187 907 2251 forte
952 2188 1160 2269 fallor,
1203 2188 1476 2251 feminas
1521 2187 1762 2252 ferrum
1810 2188 2005 2251 decet.
2315 2203 2425 2252 960

395 2291 593 2339 οΒΥΤ.
639 2274 728 2339 Et
774 2297 910 2338 esse
958 2275 1215 2340 demens
1262 2280 1326 2340 te
1373 2299 1592 2360 parem
1638 2275 1827 2340 nobis
1873 2276 2106 2358 putas?

396 2381 506 2426 ΕΒ.
554 2362 804 2427 Vobis?
853 2365 996 2447 quis
1042 2365 1163 2428 iste
1211 2369 1308 2428 est
1355 2365 1517 2429 alter
1557 2363 2006 2450 Agamemnon
2050 2365 2246 2429 tuus?

398 2456 473 2517 ut
517 2452 711 2516 vidua
755 2453 1043 2536 loquere:
1090 2454 1189 2517 vir
1234 2456 1408 2517 caret
1452 2454 1586 2517 vita
1629 2457 1797 2517 tuus.

399 2557 598 2605 GLYT.
646 2539 970 2605 Indomita
1006 2541 1286 2626 'posthac
1333 2542 1603 2627 virginis
1649 2543 1846 2606 verba
1891 2542 2126 2626 impiae

400 2631 625 2715 regina
669 2630 992 2715 frangam3
1039 2631 1228 2695 citius
1276 2631 1518 2695 interea
1564 2630 1724 2694 mihi
2326 2645 2429 2695 965

401 2718 675 2783 edissere
721 2718 835 2782 ubi
882 2720 966 2782 sit
1010 2723 1199 2783 natus
1209 2768 1227 2801 ‚
1272 2719 1386 2783 ubi
1431 2719 1629 2783 frater
1673 2722 1841 2783 {mus

400 2825 511 2870 ΕΒ.
559 2807 765 2872 Extra
809 2806 1130 2891 Mycenas.
1225 2824 1420 2871 CLYT.
1474 2807 1691 2872 Redde
1746 2828 1917 2871 nunc
1970 2809 2194 2870 natum
2251 2806 2429 2871 mihi.

402 2914 510 2960 ΕΒ.
557 2895 645 2960 Et
690 2901 761 2960 tu
808 2901 1139 2980 parentem
1183 2896 1393 2960 redde.
1487 2913 1683 2960 OLYT.
1733 2895 1874 2971 Quo
1921 2896 2135 2960 latitat
2179 2896 2369 2960 loco‘?

402 3002 510 3048 ΕΒ.
558 2984 727 3049 Tuto
777 2986 1058 3068 quietuS‚
1104 3007 1302 3071 regna
1349 3006 1480 3049 non
1525 2988 1817 3048 metuens
1862 3007 2055 3049 nova:

401 3075 605 3138 iustae
652 3075 902 3157 parenti
949 3075 1123 3138 satis.
1215 3090 1413 3137 CLYT.
1460 3071 1549 3137 At
1595 3074 1795 3137 iratae
1841 3095 2084 3156 parum.
2327 3089 2430 3137 970

545 3271 650 3318 944
700 3265 887 3318 habiit
931 3269 977 3317 A
1040 3268 1058 3334 ΙΙ
1124 3270 1225 3318 945
1275 3265 1496 3334 operiar
1540 3270 1668 3317 EAv
1729 3266 1747 3333 ΙΙ
1811 3269 1915 3317 953
1965 3283 2078 3317 cm.
2118 3264 2297 3332 praef.
2337 3271 2380 3317 E

408 3342 513 3390 956
540 3338 773 3406 gnatam
801 3338 893 3389 A(v
866 3337 909 3386 τ)
950 3339 968 3405 ΙΙ
996 3341 1098 3388 957
1129 3356 1210 3390 ιιι..
1241 3337 1331 3390 eia
1357 3336 1588 3390 tandem
1617 3335 1782 3389 doces
1806 3339 1852 3387 A
1879 3337 1897 3403 ΙΙ
1925 3340 2030 3388 959
2059 3335 2318 3389 semitam
2345 3341 2388 3388 Ε

407 3413 513 3460 960
548 3408 609 3460 ni
637 3412 680 3459 A
709 3409 727 3475 ΙΙ
755 3412 853 3460 961
888 3422 1082 3475 parem
1110 3408 1273 3461 nobis
1303 3408 1530 3460 demens
1568 3408 1626 3460 te
1653 3408 1744 3459 Δ(τ
1746 3407 1761 3459 )
1801 3408 1820 3475 ΙΙ
1849 3410 1954 3459 962
1991 3407 2152 3460 nobis
2180 3411 2226 3459 A
2259 3409 2266 3475 Ι
2300 3423 2434 3476 aga-

408 3493 650 3531 mennon
687 3484 730 3529 Ε
785 3480 804 3546 11
859 3483 962 3530 963
999 3485 1122 3545 post
1155 3496 1202 3533 v.
1242 3484 1345 3531 965
1386 3480 1584 3548 leyitur
1618 3481 1664 3529 A
1696 3479 1704 3547 Ι
1735 3480 1800 3530 tu
1838 3477 1947 3530 vid.
1983 3489 2038 3543 ψ
2092 3480 2111 3546 ΙΙ
2165 3483 2272 3531 964
2305 3482 2435 3547 post

409 3547 551 3599 haec
587 3550 808 3614 Δ11967
849 3548 987 3602 exiit,
1022 3548 1096 3601 M.
1136 3554 1182 3601 A
1217 3552 1235 3618 ΙΙ
1272 3554 1378 3601 970
1415 3568 1530 3603 cmr.
1571 3548 1688 3601 dixi
1723 3566 1776 3617 p.
1809 3566 1850 3602 s.
1883 3564 1931 3602 a.
1963 3548 1997 3602 i.
2029 3567 2083 3618 p.
2113 3555 2156 3601 E
2197 3548 2289 3617 (cf.
2321 3550 2435 3607 Leo

403 3617 447 3667 I
468 3620 526 3681 5)
563 3622 708 3670 totus
741 3634 925 3673 versus
957 3620 1208 3674 Electrae
1244 3621 1604 3675 continuatur
1629 3623 1675 3671 A
1711 3636 1848 3675 corr.
1879 3619 2053 3675 Bothe
