2658 4117
390 252 517 314 112
1031 249 1089 303 L.
1119 248 1404 302 ANNAEI
1439 247 1764 308 SENECAE

387 418 550 479 quae
598 395 832 477 corripi
878 395 1051 479 igne,
1100 416 1264 477 quae
1307 394 1464 457 meti
1511 393 1724 478 gladio
1768 394 1950 458 iubes

388 486 596 549 aliena
642 483 861 548 credis.
950 505 1062 547 rex
1108 483 1193 546 sit
1238 504 1318 546 ex
1364 482 1548 546 vobis
1594 487 1754 564 uter,
2343 532 2349 535 .

385 577 683 637 manente
728 593 927 657 regno
976 572 1277 655 quaerite.
1367 570 1527 636 haec
1572 572 1717 635 telis
1763 571 1928 654 petis
2301 587 2403 636 565

385 662 787 744 flammisque
832 661 1043 724 tecta?
1089 661 1331 744 poteris
1376 660 1493 724 has
1539 657 1926 744 Amphionis

387 771 684 834 quassare
730 750 976 813 moles?
1022 749 1201 813 nulla
1247 771 1405 833 quas
1453 749 1686 812 struxit
1733 771 1959 814 manus

386 839 692 903 stridente
738 838 991 902 tardum
1037 838 1335 902 machina
1381 839 1616 901 ducens
1665 860 1824 901 onus
1835 889 1853 921 ,

386 929 496 992 sed
543 931 928 992 convocatus
973 928 1147 991 vocis
1194 931 1258 990 et
1303 926 1584 990 citharae
1631 948 1789 990 sono

386 1040 500 1100 per
544 1039 610 1080 se
657 1017 794 1100 ipse
842 1038 1121 1080 summas
1167 1016 1346 1079 venit
1389 1016 1458 1080 in
1502 1019 1709 1079 turres
1754 1015 1945 1098 lapis:
2298 1031 2403 1081 570

383 1106 541 1169 haec
587 1127 739 1169 saxa
783 1104 1082 1189 franges?
1128 1105 1335 1169 victor
1378 1103 1546 1167 hinc
1576 1104 1784 1187 spolia
1829 1106 2074 1169 auferes
2112 1166 2117 1171 ,

379 1195 761 1277 ¹vinctosque
808 1194 998 1257 duces
1045 1195 1246 1276 patris
1294 1194 1589 1277 aequales
1635 1194 1757 1277 tui,

385 1288 747 1365 matresque
794 1284 874 1346 ab
921 1283 1061 1365 ipso
1111 1283 1457 1367 coniugum
1502 1286 1717 1365 raptas
1765 1283 1908 1346 sinu

385 1394 613 1436 saevus
662 1375 884 1436 catena
929 1371 1111 1435 miles
1157 1371 1461 1454 imposita
1502 1369 1757 1434 trahet?

386 1461 606 1525 adulta
650 1461 862 1545 virgo,
906 1461 1109 1523 mixta
1155 1460 1410 1542 captivo
1458 1460 1668 1545 gregi,
1933 1523 1938 1527 ,
2297 1474 2400 1523 575

385 1549 689 1614 Thebana
734 1549 999 1613 nuribus
1044 1570 1277 1613 munus
1323 1547 1645 1634 Argolicis
1693 1549 1838 1612 eat‘?

385 1662 469 1703 an
513 1642 578 1703 et
623 1639 790 1722 ipsa,
834 1639 1080 1722 palmas
1125 1639 1341 1703 vincta
1384 1641 1757 1722 postergum
1805 1637 2011 1720 dataS,

385 1731 590 1792 mater
634 1727 948 1810 triumphi
993 1727 1226 1811 praeda
1269 1727 1536 1790 fraterni
1558 1780 1559 1783 ,
1580 1726 1817 1790 vehar?

384 1821 651 1900 potesne
698 1818 868 1881 cives
912 1818 1043 1880 leto
1092 1820 1156 1879 et
1202 1816 1395 1879 exilio
1443 1815 1625 1878 datos

384 1906 597 1970 videre
643 1905 926 1990 passim?
972 1905 1307 1970 moenibus
1356 1905 1516 1968 caris
1562 1908 1746 1987 potes
2299 1918 2404 1967 580

382 1995 636 2058 hostem
684 1995 1046 2078 admovere,
1092 1994 1404 2079 sanguine
1450 1997 1514 2057 et
1558 1993 1816 2056 flamma
1860 1996 2045 2077 potes

386 2084 652 2167 implere
698 2083 994 2148 Thebas?
1040 2087 1175 2147 tam
1219 2084 1392 2146 ferus
1439 2084 1667 2146 durum
1715 2082 1881 2168 geris

385 2195 771 2255 saevumque
817 2173 886 2236 in
930 2173 1055 2235 iras
1101 2171 1373 2256 pectus?
1420 2176 1484 2235 et
1527 2171 1813 2236 nondum
1859 2172 2150 2254 imperas.

388 2262 542 2344 quid
588 2264 838 2344 sceptra
880 2261 1159 2325 facient?
1204 2283 1372 2344 pone
1418 2277 1752 2343 vaesanos‚
1797 2281 2038 2344 precor,

387 2350 584 2413 animi
629 2353 913 2414 tumores
958 2354 1147 2433 teque
1194 2350 1421 2433 pietati
1464 2348 1644 2413 refer.
2299 2363 2402 2412 585

386 2455 543 2503 POL.
590 2437 682 2501 Vt
725 2438 1038 2524 profugus
1085 2439 1333 2502 errem?
1380 2460 1631 2521 semper
1674 2441 1749 2501 ut
1792 2437 2000 2521 patria
2045 2458 2260 2501 arcear

294 2557 300 2572 ·
389 2549 702 2610 opemque
748 2528 957 2612 gentis
1001 2529 1236 2611 hospes
1283 2531 1580 2591 externae
1627 2526 1896 2609 sequar?

388 2617 544 2700 quid
588 2620 841 2699 paterer
886 2617 1085 2700 aliud,
1132 2617 1187 2680 si
1233 2613 1603 2681 fefellissem
1650 2616 1885 2679 fidem?

387 2707 442 2769 si
487 2706 911 2789 peierassem‘?
956 2706 1197 2769 fraudis
1245 2703 1487 2770 alienae
1534 2706 1699 2769 dabo

387 2816 623 2878 poenas
634 2844 651 2877 ‚
697 2798 764 2857 at
809 2796 917 2858 ille
963 2796 1318 2877 praemium
1366 2796 1674 2859 scelerum
1719 2793 1922 2857 feret?
2295 2806 2402 2855 590

386 2884 567 2948 iubes
614 2883 813 2947 abire:
859 2885 1081 2948 matris
1127 2884 1398 2968 imperio
1447 2883 1767 2967 obsequor
1814 2919 1894 2929 —

387 2973 466 3035 da
514 2993 641 3056 quo
687 2976 982 3036 revertar.
1074 2974 1250 3058 regia
1296 2972 1494 3036 frater
1538 2994 1717 3035 meus

529 3186 633 3235 564
670 3199 701 3236 e
736 3183 859 3236 vob.
898 3186 943 3233 A
971 3186 989 3252 ΙΙ
1018 3187 1119 3236 565
1156 3184 1315 3251 petes
1353 3186 1398 3233 A
1435 3181 1602 3251 (petis
1640 3183 1699 3250 τ)
1734 3183 1753 3250 ΙΙ
1790 3185 1894 3233 570
1930 3182 2110 3234 turres
2146 3178 2307 3232 uenit
2343 3178 2404 3231 in

386 3270 631 3307 summas
669 3258 714 3305 A
778 3257 795 3323 ΙΙ
861 3258 957 3306 571
985 3261 1111 3323 post
1153 3254 1332 3307 victor
1377 3252 1670 3323 distinquit
1704 3256 1750 3303 A
1806 3253 1826 3321 ΙΙ
1890 3256 1993 3304 572
2028 3251 2322 3318 uictosque
2359 3254 2406 3302 A

384 3324 627 3391 (uinctos
647 3326 705 3392 τ)
732 3326 751 3394 ΙΙ
780 3330 881 3377 573
913 3326 983 3378 ab
1013 3325 1136 3393 ipso
1156 3327 1364 3378 matres
1384 3329 1430 3376 A
1451 3326 1678 3393 (matres
1708 3322 1778 3375 ab
1799 3322 1835 3376 i.
1858 3324 1924 3391 α)
1949 3323 1968 3391 ΙΙ
1997 3327 2102 3375 574
2119 3322 2309 3375 tradet
2325 3320 2408 3392 ΕΗ

388 3400 489 3446 575
528 3397 592 3448 ut
629 3395 824 3449 adulta
861 3400 906 3447 A
958 3398 977 3465 ΙΙ
1032 3403 1132 3449 577
1170 3398 1300 3465 post
1336 3398 1558 3465 tergum
1593 3400 1639 3447 A
1691 3397 1710 3463 ΙΙ
1765 3399 1867 3446 579
1905 3393 2020 3447 leto
2057 3395 2114 3446 et
2151 3392 2322 3452 exitio
2360 3398 2404 3445 Ε

386 3464 531 3518 letus
580 3466 749 3520 exitio
796 3470 841 3517 A
886 3484 1021 3521 corr.
1067 3467 1125 3522 O.
1166 3467 1443 3533 Rossbach
1503 3468 1521 3535 ΙΙ
1586 3471 1691 3518 582
1735 3464 1915 3518 ferum
1962 3467 2019 3519 et
2065 3464 2264 3517 durum
2305 3467 2352 3515 A
2387 3462 2421 3535 U·

390 3540 493 3588 586
514 3542 641 3604 post
658 3553 876 3605 semper
893 3538 1015 3592 dist.
1037 3542 1082 3589 A
1109 3540 1127 3607 n
1157 3543 1275 3590 590.
1295 3543 1392 3590 591
1411 3540 1622 3592 inverso
1642 3538 1833 3591 ordine
1850 3542 1893 3590 Ε
1922 3539 1940 3606 n
1970 3539 2248 3588 592-595
2268 3540 2408 3589 recte

387 3608 643 3662 distinxit
679 3609 764 3661 M.
797 3609 1006 3664 Mz'c‘ller
1041 3610 1143 3664 Ph.
1167 3626 1225 3677 p.
1254 3613 1367 3664 265
1393 3611 1412 3677 [l
1442 3614 1546 3661 592
1581 3623 1707 3661 mea
1744 3613 1790 3660 A
2410 3643 2422 3652 ,.
