2658 4117
1073 267 1485 322 PRAEFATIO
2214 271 2293 324 XI

247 417 680 478 demonstravi.
785 416 981 486 Quare
1046 419 1229 477 aliam
1293 421 1421 495 ipse
1485 419 1648 478 viam
1709 422 2006 498 ingressus
2069 439 2289 480 novum

251 506 559 582 quoddam
622 508 869 566 initium
933 510 992 566 et
1057 511 1262 584 caput,
1326 508 1485 567 unde
1547 511 1932 586 investigatio
1996 509 2290 585 proficisci

251 599 473 673 posset,
519 597 818 656 invenisse
864 597 1021 654 mihi
1059 597 1281 656 videor.
1355 597 1554 673 Atque
1600 599 1858 672 primum
1903 600 2131 674 primae
2166 601 2287 657 tra·

255 685 503 786 goediae
561 686 862 744 canticum
917 686 1198 786 quoniam
1259 687 1324 744 in
1380 686 1429 744 E
1485 686 1784 764 integrum
1838 689 1929 746 est
1980 687 2289 763 traditum,

254 775 318 831 in
360 775 670 849 plerisque
722 774 1081 833 recensionis
1125 774 1182 832 A
1231 775 1402 834 libris
1457 777 1654 852 priore
1707 777 1879 852 parte
1935 779 2124 850 caret,
2171 777 2287 836 duo

256 863 437 922 facile
493 863 788 940 distingui
838 866 1093 938 possunt
1149 862 1647 940 interpolatorum
1704 865 1991 924 librorum
2051 884 2285 942 genera.

255 950 528 1009 Primum
573 952 763 1029 igitur
809 951 1211 1027 quaerendum
1256 952 1417 1028 duxi,
1464 952 1540 1014 ad
1586 956 1791 1012 utrum
1836 971 2019 1031 genus
2066 954 2288 1031 singuli

254 1040 436 1098 huius
481 1042 843 1100 recensionis
887 1041 1028 1099 libri
1072 1042 1455 1116 pertinerent,
1500 1044 1634 1101 tum
1690 1061 1805 1117 quo
1852 1044 2115 1118 tempore
2162 1043 2287 1118 illa,

252 1130 425 1188 cuius
472 1130 837 1188 mentionem
883 1130 1015 1205 feci,
1061 1131 1295 1188 iactura
1341 1131 1504 1190 facta
1549 1149 1674 1190 esse
1720 1131 2035 1190 videretur.
2118 1129 2287 1200 Quod

253 1220 307 1276 si
352 1217 586 1276 factum
642 1221 822 1293 esset,
877 1220 1060 1276 etiam
1117 1218 1186 1277 de
1243 1218 1628 1279 Trevethiani
1682 1222 1878 1279 textus
1930 1221 2284 1279 auctoritate

253 1308 477 1365 certius
523 1307 780 1366 iudicari
823 1325 996 1382 posse
1040 1307 1190 1365 mihi
1243 1311 1528 1383 persuasi.
1619 1308 1749 1368 Hac
1804 1311 2009 1368 autem
2063 1308 2286 1384 disqui-

253 1397 474 1454 sitn'one
535 1396 600 1453 in
661 1394 1117 1464 Quaestionibus
1178 1398 1402 1457 criticis
1460 1419 1519 1473 p.
1576 1399 1789 1456 1-13
1855 1399 2163 1474 proposita
2223 1398 2286 1455 id

251 1487 607 1543 consecutus
654 1502 803 1559 sum,
847 1487 918 1542 ut
962 1485 1293 1544 luculenter
1348 1484 1829 1562 demonstrarem,
1885 1486 2285 1562 compluribus

252 1573 510 1632 saeculis
559 1576 697 1632 ante
741 1576 980 1632 renatas
1024 1574 1090 1631 in
1135 1572 1318 1632 Italia
1365 1575 1597 1634 litteras
1653 1575 1881 1635 codices
1925 1576 2283 1634 recensionis

251 1662 657 1738 interpolatae
713 1663 999 1737 extitisse,
1054 1663 1158 1738 qui
1209 1664 1332 1721 ista
1387 1665 1607 1723 cantici
1667 1667 1839 1740 parte
1899 1666 2167 1723 carerent
2220 1666 2284 1722 in

255 1769 445 1825 eoque
489 1768 737 1810 numero
784 1752 967 1810 etiam
1012 1751 1398 1811 Trevethiani
1451 1753 1668 1812 codicis
1726 1754 2024 1828 exemplar
2071 1753 2284 1826 fuisse3

252 1840 395 1898 hinc
441 1841 713 1916 sequitur
747 1840 921 1917 longe
961 1842 1096 1898 ante
1145 1840 1298 1898 illud
1336 1859 1548 1900 aevum
1584 1841 1861 1900 lacunam
1895 1843 2285 1899 memoratam

253 1946 381 1988 esse
438 1932 660 2002 ortam,
724 1935 797 1986 ut
851 1930 979 1987 veri
1033 1930 1227 1987 simile
1283 1931 1389 2004 sit,
1447 1933 1744 2005 quotquot
1801 1932 2001 1988 extent
2054 1929 2282 1989 codices

253 2018 508 2077 lacunae
554 2018 896 2095 participeS‚
943 2035 1041 2079 eos
1087 2036 1288 2078 omnes
1346 2018 1421 2077 ad
1467 2020 1885 2079 auctoritatem
1935 2018 2282 2079 descendere

252 2108 447 2166 multo
484 2108 889 2182 vetustiorem,
927 2126 1105 2184 quam
1141 2107 1323 2167 libros
1364 2128 1400 2167 a
1434 2110 1860 2168 recentioribus
1892 2108 2065 2168 Italis
2101 2110 2281 2167 inter·

249 2196 508 2273 polatOS.
602 2194 795 2265 Quare
855 2198 908 2255 si
962 2197 1334 2274 contigisset,
1394 2200 1464 2255 ut
1525 2197 1703 2257 huius
1769 2198 1992 2257 ordinis
2052 2198 2281 2258 codices

253 2285 492 2360 aliquot
553 2286 985 2360 invenirentur,
1047 2303 1194 2360 quos
1255 2285 1576 2363 diligenter
1634 2287 1968 2363 exploratos
2032 2288 2105 2346 ab
2164 2289 2282 2346 isto

251 2374 418 2433 fonte
464 2373 816 2448 repetendos
863 2392 988 2433 esse
1033 2373 1275 2449 probari
1319 2378 1546 2451 posset,
1597 2393 1801 2435 eorum
1845 2377 2127 2435 lectiones
2172 2393 2282 2451 pro

251 2465 414 2521 certo
479 2464 539 2521 et
595 2462 800 2521 stabili
863 2462 1248 2522 fundamento
1312 2466 1669 2523 recensionis
1724 2464 1782 2522 A
1834 2464 2280 2525 constituendae

250 2551 464 2610 haberi
507 2568 698 2628 posse.
781 2550 853 2609 Id
897 2570 1036 2610 vero
1081 2554 1152 2609 ut
1188 2570 1696 2629 consequeremur,
1740 2553 2036 2613 indefessa
2083 2571 2150 2611 ac
2195 2553 2281 2611 la-

250 2641 492 2699 boriosa
538 2639 795 2698 Pmnm
838 2639 1134 2698 industria
1179 2641 1407 2700 factum
1452 2644 1558 2701 est.
1650 2642 1708 2701 Is
1765 2644 1923 2701 enim
1977 2660 2096 2701 non
2148 2643 2280 2699 tan·

250 2733 383 2787 tum
429 2728 652 2788 codicis
698 2728 1099 2805 Rehdigerani
1144 2750 1200 2787 n.
1244 2732 1325 2788 14
1383 2731 1765 2806 lectionibuS,
1822 2750 1995 2807 quem
2039 2731 2281 2788 unicum

251 2817 513 2876 diximus
571 2817 712 2875 libri
767 2818 1151 2876 Trevethiani
1205 2820 1613 2895 apographum
1667 2820 1763 2879 vel
1819 2819 2149 2896 apographi
2200 2817 2280 2875 si·

250 2907 460 2965 milem
533 2906 728 2965 adhuc
799 2908 1099 2982 repertum
1164 2924 1290 2966 esse
1307 2951 1322 2982 ,
1388 2911 1682 2985 quotquot
1746 2929 1777 2968 e
1841 2908 2279 2967 commentariis

254 2995 673 3055 Trevethianis
739 2995 877 3054 elici
938 2997 1217 3071 poterant
1289 2998 1508 3055 veteris
1582 2997 1932 3073 exemplaris
1996 2997 2278 3055 lectiones

254 3082 492 3158 adiecit,
539 3102 747 3142 verum
795 3085 978 3143 etiam
1023 3102 1210 3144 novos
1257 3084 1503 3159 codices,
1548 3088 1613 3144 in
1658 3086 1870 3162 quibus
1917 3085 2093 3144 lectio
2140 3085 2279 3144 Τ16-

254 3173 540 3231 vethiana
586 3190 721 3231 cum
765 3174 965 3232 vetere
1010 3172 1302 3231 Italorum
1357 3174 1611 3234 lectione
1667 3174 2101 3251 quodammodo
2148 3192 2279 3232 coa-

255 3260 437 3320 luisse
500 3261 767 3336 videtur,
832 3262 995 3319 felici
1058 3264 1275 3320 eventu
1339 3264 1669 3338 exploravit
1733 3262 1849 3323 duo
1866 3309 1881 3339 ,
1944 3264 2278 3340 exploratos

256 3367 489 3408 summa
534 3368 670 3408 cum
723 3349 1040 3427 diligentia
1096 3352 1351 3409 excussit
1407 3355 1468 3410 et
1519 3351 2051 3412 Weidmanm'anae
2107 3352 2279 3410 editi-

259 3440 383 3496 onis
431 3438 755 3514 exemplari
793 3438 1124 3513 adscripsit.
1200 3437 1355 3497 Sunt
1393 3443 1592 3499 autem
1628 3441 2091 3519 Augustanus
2128 3440 2280 3497 liber

259 3527 478 3586 saeculi
503 3526 667 3600 XIV,
694 3526 1092 3585 bibliothecae
1120 3528 1385 3586 civitatis
1415 3531 1541 3605 etp
1501 3530 1644 3607 pagi
1675 3521 1900 3609 (Kreis-
1927 3528 2050 3586 und
2080 3527 2277 3585 816111-

261 3608 613 3697 bibliothek)
654 3637 710 3674 n
748 3614 956 3673 XXIII
984 3606 1171 3694 (Ag)
1219 3619 1280 3675 61
1317 3616 1357 3674 S
1371 3618 1708 3694 angallen
1723 3619 1846 3692 313,
1886 3616 2277 3675 bibliothecae
