2658 4117
1066 226 1375 282 OEDIPVS
2107 230 2236 294 239

212 372 411 437 invite
456 372 720 456 loquere
768 375 958 457 gnate
997 410 1081 417 —
1122 394 1250 456 quo
1299 373 1535 437 avertis
1582 378 1777 457 caput

211 482 571 545 vacuosque
617 460 880 526 vultus?

753 566 916 613 OED.
962 548 1116 624 Quis
1162 548 1292 613 frui
1337 550 1618 614 tenebris
1664 551 1882 615 vetat?

213 639 353 722 quis
399 638 610 703 reddit
655 639 919 703 oculos?
964 638 1190 701 matris
1200 686 1219 720 ‚
1265 660 1347 702 en
1391 639 1616 703 matris
1664 642 1889 703 sonus!

209 727 599 810 perdidimus
647 748 923 811 operam.
1015 726 1320 812 congredi
1365 726 1463 790 fas
1509 727 1785 811 amplius

189 815 367 902 ‘haut
412 819 524 880 est.
615 815 926 880 nefandos
973 815 1217 879 dividat
1262 818 1517 879 vastum
1563 838 1739 880 mare
2100 832 2236 881 1015

211 904 595 987 dirimatque
640 906 834 968 tellus
881 904 1100 967 abdita
1147 907 1212 968 et
1258 905 1551 987 quisquis
1600 905 1718 969 sub
1765 905 1891 970 hoc

210 993 278 1055 in
322 991 450 1056 alia
492 1014 713 1056 versus
760 992 968 1055 sidera
1013 1013 1086 1056 ac
1132 994 1336 1057 solem
1382 994 1594 1057 avium

212 1081 523 1164 dependet
568 1081 743 1145 orbis
790 1083 1063 1145 alterum
1109 1104 1189 1144 ex
1234 1081 1424 1145 nobis
1470 1082 1650 1145 ferat.

209 1186 342 1233 100.
388 1168 534 1234 Fati
579 1170 706 1234 ista
751 1171 942 1254 culpa
985 1173 1108 1234 est:
1154 1191 1345 1234 nemo
1392 1170 1469 1234 fit
1511 1171 1646 1234 fato
1692 1191 1946 1235 11000118.

212 1274 368 1323 OED.
417 1256 555 1322 Iam
602 1280 791 1341 parce
837 1257 1077 1342 verbis,
1122 1263 1346 1341 mater,
1393 1262 1457 1322 et
1499 1281 1688 1342 parce
1736 1259 2024 1323 auribus:
2100 1275 2238 1325 1020

209 1368 324 1430 per
367 1347 484 1411 has
532 1348 836 1430 reliquias
874 1348 1161 1431 corporis
1207 1348 1422 1411 trunci
1466 1352 1645 1432 pet0,

210 1457 323 1517 per
368 1436 844 1519 inauspicatum
891 1436 1223 1522 sanguinis
1269 1436 1508 1521 pignus
1553 1438 1710 1519 mei,

209 1546 324 1607 per
370 1546 558 1589 omne
603 1526 811 1589 nostri
856 1526 1138 1589 nominis
1182 1526 1281 1589 fas
1328 1545 1403 1589 ac
1448 1525 1643 1589 nefas.

207 1629 342 1678 100.
390 1612 583 1696 Quid,
631 1614 867 1698 anime,
912 1614 1172 1697 torpes?
1219 1614 1396 1678 socia
1441 1635 1555 1678 cur
1600 1614 1911 1678 scelerum
1960 1613 2107 1677 dare

206 1722 445 1783 poenas
490 1702 789 1766 recusas?
838 1724 1026 1767 omne
1073 1703 1414 1767 confusum
1461 1703 1656 1786 perit,
2101 1716 2237 1766 1025

207 1791 477 1873 incesta,
524 1813 639 1873 per
683 1794 748 1855 te
795 1792 952 1855 iuris
998 1791 1264 1855 humani
1312 1792 1531 1856 decus:

207 1899 453 1941 morere
501 1882 564 1942 et
608 1879 930 1943 nefastum
977 1881 1275 1962 spiritum
1321 1880 1491 1943 ferro
1540 1880 1742 1964 exige.

206 1988 340 2030 non
386 1967 441 2030 81
485 1968 623 2050 ipse
670 1968 982 2032 mundum
1031 1969 1358 2033 concitans
1405 1968 1625 2033 divum
1672 1972 1848 2033 sator

208 2076 470 2121 corusca
516 2079 705 2122 saeva
747 2056 877 2122 tela
922 2056 1237 2122 iaculetur
1280 2080 1503 2136 manu,

205 2166 513 2227 umquam
559 2147 903 2230 rependam
951 2145 1296 2211 sceleribus
1345 2168 1584 2229 poenas
1631 2167 1818 2229 pares
2099 2162 2238 2210 1030

207 2237 414 2297 mater
457 2234 748 2297 nefanda.
840 2255 1014 2298 mors
1061 2236 1298 2318 placet:
1346 2236 1573 2298 mortis
1618 2235 1724 2299 via

209 2325 566 2404 quaeratur.
659 2323 959 2408 agedum,
1006 2323 1345 2387 commoda
1390 2324 1582 2387 matri
1627 2344 1917 2405 manum,

206 2409 263 2473 si
308 2411 628 2493 parricida
674 2432 756 2475 es.
847 2415 1048 2476 restat
1091 2412 1217 2475 hoc
1263 2433 1490 2496 operae
1535 2413 1865 2476 ultimum:

204 2499 496 2583 rapiatur
541 2500 738 2586 ensis;
783 2500 909 2565 hoc
955 2501 1121 2565 iacet
1165 2501 1337 2564 ferro
1384 2522 1563 2564 meus

206 2589 492 2653 coniunx
530 2627 612 2635 —
654 2589 1042 2680 quid-illum
1086 2590 1350 2653 nomine
1394 2588 1569 2653 haud
1604 2610 1756 2653 vero
1794 2588 2029 2652 vocas?
2100 2602 2237 2653 1035

205 2698 388 2741 socer
437 2681 550 2742 est.
643 2683 944 2742 utrumne
990 2679 1235 2761 pectori
1282 2678 1549 2762 infigam
1595 2698 1739 2741 meo

204 2767 411 2830 telum
458 2788 542 2830 an
586 2767 835 2851 patenti
883 2767 1213 2831 conditum
1259 2767 1484 2852 iugulo
1532 2765 1918 2847 inprimam‘?

206 2853 444 2940 eligere
489 2856 698 2919 nescis
746 2857 1007 2920 vulnus:
1052 2855 1254 2938 hunc,
1301 2855 1551 2938 dextra,
1595 2854 1767 2918 hunc
1811 2856 1957 2936 pete

205 2948 464 3007 uterum
512 2965 838 3028 capacem,
886 2945 998 3028 qui
1043 2945 1254 3009 virum
1301 2947 1367 3008 et
1411 2947 1642 3028 gnatos
1687 2942 1855 3005 tulit.

207 3049 414 3096 CHOR.
459 3031 636 3097 Iacet
679 3037 1029 3117 perempta.
1112 3033 1362 3097 vulneri
1408 3031 1772 3096 immoritur
1818 3051 2043 3093 manus
2101 3045 2237 3094 1040

313 3229 468 3277 .1011
503 3224 740 3278 immitis
778 3242 874 3279 oro
910 3228 1044 3279 nate
1079 3231 1126 3277 A
1158 3228 1165 3294 Ι
1199 3224 1444 3278 advertis
1480 3230 1523 3276 Ε
1579 3227 1597 3292 n
1651 3227 1778 3275 1012
1814 3221 1927 3274 frui
1964 3223 2021 3274 et
2057 3223 2098 3274 t.
2137 3226 2184 3272 A
2219 3223 2238 3290 ΙΙ

201 3300 330 3349 1013
368 3298 552 3350 mater
588 3312 662 3349 an
698 3314 770 3349 m.
803 3314 843 3351 s.
875 3302 922 3348 A
956 3298 976 3365 ΙΙ
1020 3301 1147 3348 1021
1181 3298 1250 3349 tr.
1281 3310 1478 3364 precor
1512 3300 1559 3346 A
1598 3295 1617 3363 ΙΙ
1667 3298 1799 3346 1023
1839 3295 1896 3346 et
1932 3291 2091 3345 nefas
2125 3303 2183 3357 ψ
2219 3291 2238 3363 Η

200 3371 339 3419 1025
379 3383 542 3420 0111110
581 3368 664 3421 bis
698 3373 741 3419 E
776 3371 783 3436 Ι
817 3369 1111 3421 contusum
1148 3373 1191 3419 Ε
1219 3369 1238 3437 ΙΙ
1264 3371 1401 3419 1026
1438 3366 1655 3419 incerta
1690 3370 1737 3416 A
1785 3366 1803 3434 ΙΙ
1848 3368 1980 3416 1027
2021 3361 2120 3416 sed
2155 3368 2238 3414 Av

203 3439 266 3491 at
303 3456 347 3492 α
374 3440 393 3508 ΙΙ
421 3443 554 3490 1028
595 3438 704 3491 div.
735 3440 900 3507 pater
941 3443 988 3489 A
1013 3441 1032 3507 ΙΙ
1059 3443 1194 3490 1029
1231 3453 1489 3492 corrusca
1525 3442 1568 3488 E
1596 3438 1615 3505 ΙΙ
1641 3440 1772 3488 1033
1816 3433 1972 3504 operi
2003 3451 2059 3488 ω
2100 3449 2235 3488 corr.

202 3510 476 3564 BdcheZer
523 3512 541 3579 ΙΙ
596 3514 730 3562 1035
771 3510 975 3563 coniux
1009 3516 1052 3562 Ε
1098 3511 1117 3578 ΙΙ
1161 3514 1295 3563 1036
1334 3523 1490 3562 socer
1526 3523 1556 3560 e
1595 3509 1850 3576 stuprum
1884 3521 1957 3558 ne
1992 3512 2035 3558 Ε
2068 3506 2076 3574 Ι
2108 3521 2236 3574 pec-

200 3581 325 3633 tore
363 3583 437 3632 Av
471 3583 490 3649 ΙΙ
527 3585 659 3633 1038
698 3580 921 3649 Fligere
956 3587 999 3633 Ε
1046 3582 1064 3650 ΙΙ
1108 3585 1241 3632 1039
1279 3579 1379 3648 qui
1415 3580 1635 3648 patrem
1673 3580 1731 3631 et
1767 3579 1978 3647 gnatos·
2006 3576 2238 3645 Bentley
