2658 4117
377 225 504 289 358
1019 225 1076 277 L.
1108 225 1211 277 AN
1213 223 1264 276 N
1268 222 1391 276 AEI
1429 218 1753 275 SENECAE

1216 418 1560 484 OHORVS

931 546 1171 611 Verum
1220 550 1316 609 est
1363 545 1535 627 quod
1582 544 1811 609 cecinit
1858 564 2033 607 sacer

798 636 1107 701 Thressae
1154 636 1272 700 sub
1320 633 1668 718 Rhodopes
1715 634 1883 718 iugis

799 730 1025 810 aptans
1070 724 1348 789 Pieriam
1396 723 1626 807 chelyn

800 812 1091 898 Orpheus
1140 812 1466 897 Calliopae
1513 834 1741 896 genus,

799 908 1120 968 aeternum
1172 903 1312 967 fieri
1358 901 1537 966 nihil.
2260 917 2397 965 1035

931 989 1114 1056 Illius
1163 993 1341 1056 stetit
1388 991 1465 1053 ad
1513 990 1737 1054 modos

798 1082 1100 1145 torrentis
1145 1081 1355 1164 rapidi
1399 1080 1635 1164 fragor,

802 1171 1167 1254 oblitusque
1214 1168 1395 1252 sequi
1441 1169 1663 1253 fugam

799 1259 1015 1323 amisit
1059 1260 1274 1341 liquor
1318 1259 1658 1341 impetum3

800 1352 863 1413 et
910 1348 1062 1411 dum
1108 1347 1480 1411 fluminibus
1526 1368 1707 1409 mora
1754 1351 1850 1410 est
1860 1396 1877 1428 ‚
2261 1362 2397 1411 1040

800 1437 1102 1502 defecisse
1149 1439 1382 1520 putant
1429 1433 1624 1499 Getae

802 1526 1090 1590 Hebrum
1136 1526 1436 1591 Bistones
1483 1525 1712 1588 ultimi.

799 1616 1055 1679 advexit
1099 1616 1426 1679 volucrem
1472 1635 1697 1678 nemus

800 1710 863 1769 et
911 1706 1070 1768 silva
1114 1704 1397 1768 residens
1443 1703 1644 1767 venit:

799 1798 911 1858 aut
957 1794 1012 1858 si
1059 1816 1186 1876 qua
1230 1814 1376 1857 aera
1422 1793 1740 1876 pervolat,
2261 1807 2398 1855 1045

800 1883 1034 1947 auditis
1080 1905 1245 1968 vaga
1291 1881 1582 1947 cantibus

801 1974 932 2036 ales
979 1972 1279 2037 deficiens
1325 1970 1519 2052 cadit3

799 2062 1124 2145 abrumpit
1172 2061 1470 2144 scopulos
1508 2056 1715 2123 Athos

801 2148 1152 2214 Centauros
1199 2149 1407 2213 obiter
1450 2149 1660 2213 ferens

801 2243 864 2302 et
910 2239 1088 2302 iuxta
1133 2238 1496 2321 Rhodopen
1543 2238 1721 2301 stetit
2259 2253 2400 2303 1050

799 2329 1012 2391 laxata
1058 2328 1204 2392 nive
1250 2327 1571 2409 cantibus3

803 2420 866 2481 et
914 2437 1218 2499 quercum
1263 2416 1518 2502 fugiens
1566 2437 1744 2479 suam

801 2505 882 2568 ad
928 2509 1139 2569 vatem
1186 2509 1488 2589 properat
1532 2503 1767 2588 Dryas3

802 2595 883 2658 ad
928 2598 1152 2658 cantus
1197 2593 1464 2658 veniunt
1505 2597 1655 2657 tuos

799 2684 956 2767 ipsis
1003 2705 1148 2748 cum
1193 2683 1456 2747 latebris
1501 2682 1701 2765 ferae,
2258 2698 2398 2746 1055

799 2774 1104 2855 iuxtaque
1150 2772 1523 2855 inpavidum
1569 2793 1763 2854 pecus

799 2862 963 2925 sedit
1008 2861 1422 2925 Marmaricus
1469 2861 1571 2924 leo

799 2972 916 3014 nec
961 2950 1249 3015 dammae
1294 2950 1619 3033 trepidant
1663 2950 1853 3033 lupos
1886 2959 1893 2966 '

518 3094 862 3142 1031-1130
918 3090 1036 3144 bini
1088 3090 1336 3160 ylyconei
1398 3090 1676 3143 coniuncti
1730 3089 2003 3143 distinctis
2054 3088 2400 3158 sinyulorum

378 3162 558 3217 initiis
592 3167 634 3213 Ε
663 3164 681 3230 Η
709 3166 842 3213 1032
879 3178 979 3216 om.
1010 3162 1116 3214 A(v)
1162 3163 1169 3230 Ι
1200 3161 1411 3230 rodope
1448 3167 1489 3213 Ε
1527 3177 1662 3215 corr.
1692 3171 1747 3225 ψ
1784 3162 1803 3229 ΙΙ
1838 3164 1970 3212 1033
2010 3175 2057 3213 a.
2137 3159 2316 3212 ierian
2352 3166 2398 3212 Ε

378 3236 617 3303 tangens
645 3232 904 3287 treiciam
932 3237 977 3284 A
1009 3234 1016 3300 Ι
1050 3232 1271 3300 chelym
1298 3250 1353 3287 ω
1391 3249 1527 3286 corr.
1564 3231 1781 3285 Gronov
1809 3233 1828 3300 ΙΙ
1855 3236 1988 3283 1034
2027 3178 2278 3300 caliopae
2307 3236 2350 3282 E
2380 3234 2400 3301 ΙΙ

376 3309 507 3357 1033
544 3303 708 3373 fugas
747 3308 792 3355 A
836 3306 855 3372 Η
899 3308 1240 3356 1040-1042
1276 3304 1377 3357 del.
1410 3303 1609 3370 Peiper
1653 3305 1670 3371 ΙΙ
1715 3307 1841 3355 1041
1880 3301 2056 3356 Geten
2093 3307 2138 3354 A
2174 3300 2399 3370 (‘Getae

375 3375 616 3430 dativus'
658 3376 790 3444 Leo)
855 3377 872 3444 ΙΙ
935 3379 1288 3427 1043-1047
1339 3381 1465 3442 post
1508 3378 1859 3426 1048-1051
1911 3374 2095 3442 posuit
2145 3374 2343 3442 Peiper
2378 3375 2397 3443 ΙΙ

376 3450 508 3498 1043
545 3445 772 3499 uoluere
809 3452 851 3498 Ε
907 3448 925 3514 u
987 3451 1118 3498 1045
1159 3461 1285 3500 aere
1322 3451 1365 3497 Ε
1420 3448 1438 3515 Η
1491 3450 1623 3497 1043
1663 3444 1892 3514 abrupit
1928 3449 1973 3496 A
2025 3447 2044 3513 ΙΙ
2097 3449 2231 3497 1049
2270 3460 2398 3498 cen-

374 3517 568 3568 taurus
605 3523 648 3568 E
711 3520 729 3584 ΙΙ
792 3522 926 3569 1050
962 3517 1171 3584 rodope
1208 3521 1253 3568 A
1307 3520 1324 3584 ss
1379 3521 1506 3569 1051
1541 3515 1810 3569 lassatam
1847 3522 1888 3568 Ε
1944 3519 1961 3584 ΙΙ
2016 3521 2149 3568 1054
2187 3532 2313 3569 suos
2353 3520 2398 3567 A

379 3585 491 3636 suis
528 3598 583 3649 ψ
612 3590 629 3653 ΙΙ
657 3592 788 3639 1055
826 3588 947 3655 ipse
985 3592 1030 3639 A
