2658 4117
982 274 1431 329 PHOENISSAE
2093 274 2125 336 1
2136 275 2168 337 1
2181 275 2216 337 1

206 444 401 506 quam
446 443 648 506 paene
692 424 897 485 mater
940 421 1146 486 maius
1192 421 1413 505 aspexi
1457 420 1664 503 nefas,

207 534 403 594 quam
450 510 624 594 quod
668 510 861 574 miser
904 509 1119 574 videre
1161 530 1296 573 non
1340 510 1556 593 potuit
1597 513 1794 592 pater.

203 602 360 665 licet
403 601 633 664 timore
677 598 979 663 facinoris
1025 599 1191 663 tanti
1234 619 1454 662 vacem

203 689 582 772 videamque
627 689 756 753 iam
800 688 894 751 nil
938 688 1094 769 tale,
1139 709 1279 751 sum
1327 687 1552 750 infelix
1597 690 1813 751 tamen

204 779 380 860 quod
424 799 626 861 paene
669 776 819 840 vidi.
908 798 1023 859 per
1067 777 1283 840 decem
1329 798 1621 839 mensum
1668 797 1892 861 graves
2115 790 2219 840 535

204 867 374 931 uteri
418 866 670 930 labores
716 887 955 948 perque
1000 865 1305 948 pietatem
1353 864 1611 929 inclitae

204 976 432 1039 precor
469 956 703 1019 sororis
750 957 815 1018 et
858 976 974 1037 per
1017 954 1166 1018 irati
1212 952 1338 1017 sibi

206 1066 402 1130 genas
447 1043 758 1128 parentis,
804 1044 1039 1108 scelere
1086 1065 1243 1125 quas
1287 1042 1468 1105 nullo
1513 1062 1778 1125 nocens,

206 1133 437 1197 erroris
484 1156 522 1197 a
567 1154 634 1197 se
680 1132 818 1195 dira
862 1133 1180 1216 supplicia
1224 1131 1514 1216 exigens,

202 1221 445 1286 hausit:
492 1221 795 1286 nefandas
842 1221 1179 1285 moenibus
1223 1220 1448 1304 patriis
1492 1220 1663 1285 faces
2116 1235 2220 1284 540

204 1314 445 1394 averte,
501 1311 685 1396 signa
728 1310 944 1374 bellici
987 1312 1157 1374 retro
1204 1309 1478 1394 agminis

203 1400 390 1465 flecte
435 1437 524 1444 —
568 1403 643 1463 ut
684 1399 966 1481 recedas,
1010 1396 1246 1484 magna
1289 1418 1438 1480 pars
1487 1397 1739 1462 sceleris
1784 1401 1999 1461 tamen

204 1488 402 1553 vestri
446 1491 704 1572 peracta
748 1491 868 1551 est:
919 1487 1082 1551 vidit
1123 1486 1347 1550 hostili
1392 1507 1584 1572 grege

206 1598 467 1661 campos
512 1577 745 1660 repleri
788 1577 1026 1660 patria,
1068 1575 1390 1661 fulgentes
1436 1576 1661 1658 procul

207 1666 399 1730 armis
446 1670 730 1731 catervas
775 1665 961 1747 vidit,
1008 1665 1299 1748 equitatu
1343 1665 1471 1728 levi
1980 1732 1983 1735 Α
2118 1678 2220 1726 545

210 1753 485 1819 Cadmea
527 1754 740 1840 frangi
784 1757 969 1838 prata
1013 1757 1077 1817 et
1122 1753 1406 1817 excelsos
1451 1753 1610 1817 rotis

206 1844 475 1907 volitare
521 1864 841 1926 procereS‚
884 1843 1035 1928 igne
1079 1842 1422 1927 flagrantes
1467 1842 1680 1904 trabes

207 1933 481 2016 firmare,
526 1932 723 1997 cineri
768 1953 930 2015 quae
976 1935 1205 2015 petunt
1248 1933 1500 1994 nostras
1547 1930 1798 2012 domos,

207 2021 561 2106 fratresque
610 2018 884 2108 (facinus
932 2020 1103 2105 quod
1147 2041 1389 2085 novum
1435 2022 1500 2084 et
1544 2017 1780 2083 Thebis
1824 2015 1977 2106 fuit)

208 2112 277 2174 in
323 2133 389 2175 se
433 2114 715 2175 ruentes:
760 2114 935 2175 totus
979 2109 1104 2173 hoc
1150 2110 1488 2191 exercitus,
2116 2123 2221 2174 550

206 2200 332 2265 hoc
375 2201 652 2283 populus
700 2200 935 2282 omnis,
978 2202 1248 2281 utraque
1292 2197 1418 2261 hoc
1461 2196 1623 2261 vidit
1667 2218 1847 2262 soror

209 2290 625 2374 genetrixque
669 2288 827 2353 vidi:
872 2310 1022 2352 nam
1068 2291 1249 2372 pater
1295 2286 1484 2350 debet
1529 2286 1651 2350 sibi

209 2377 384 2462 quod
427 2377 552 2442 ista
594 2398 727 2441 non
772 2377 1100 2461 spectavit.
1192 2378 1483 2441 occurrat
1527 2375 1649 2439 tibi

205 2486 378 2531 nunc
424 2464 731 2550 Oedipus,
779 2488 906 2548 quo
951 2465 1159 2529 iudice
1205 2464 1434 2528 erroris
1482 2485 1736 2547 quoque

207 2576 454 2639 poenae
499 2558 820 2638 petuntur.
909 2576 1018 2636 ne,
1063 2575 1306 2638 precor,
1349 2554 1519 2617 ferro
1568 2574 1716 2628 erue
2115 2566 2219 2614 555

206 2645 483 2728 patriam
529 2665 603 2708 ac
646 2646 908 2727 penates
953 2664 1113 2707 neve
1127 2692 1143 2725 ‚
1190 2664 1349 2726 quas
1393 2663 1611 2726 regere
1658 2640 1930 2725 expetis,

207 2736 420 2797 everte
464 2732 733 2796 Thebas.
826 2732 968 2815 quis
1014 2735 1190 2795 tenet
1234 2734 1513 2795 mentem
1558 2731 1777 2794 furor?

206 2822 481 2906 petendo
527 2822 799 2906 patriam
847 2820 1100 2903 perdis?
1146 2823 1221 2884 ut
1263 2820 1380 2883 fiat
1422 2823 1558 2896 tua,

205 2912 304 2976 vis
353 2932 489 2976 esse
535 2909 821 2974 nullam?
868 2910 1026 2992 quin
1069 2912 1217 2973 tuae
1264 2930 1489 2973 causae
1533 2911 1722 2972 nocet

205 3001 419 3084 ipsum
464 2998 590 3063 hoc
636 2998 809 3082 quod
855 2998 1047 3062 armis
1091 2998 1224 3062 uris
1269 2997 1519 3061 infestis
1566 2997 1774 3060 solum
2116 3008 2221 3057 560

206 3093 580 3175 segetesque
626 3088 874 3151 adultas
920 3087 1149 3151 sternis
1196 3090 1260 3150 et
1303 3089 1476 3149 totos
1520 3085 1740 3169 fugam

208 3179 339 3243 edis
385 3199 502 3261 per
546 3197 760 3263 agros:
805 3197 993 3240 nemo
1042 3176 1134 3240 sic
1178 3178 1389 3239 vastat
1433 3196 1574 3259 sua;

348 3357 451 3405 533
488 3351 688 3405 timere
724 3350 761 3403 f.
792 3353 831 3405 t.
860 3350 1046 3405 uicem
1081 3355 1154 3402 Af
1188 3352 1207 3420 ss
1253 3354 1355 3402 535
1393 3346 1668 3401 mensium
1704 3351 1749 3398 A
1793 3348 1812 3414 ΙΙ
1867 3350 1970 3399 536
2006 3344 2221 3415 pietate

207 3423 430 3478 inclitas
450 3428 497 3476 A
523 3425 543 3494 ΙΙ
571 3427 673 3475 537
702 3438 916 3476 sorores
934 3427 981 3475 A
1007 3423 1025 3491 ΙΙ
1055 3426 1157 3474 539
1187 3422 1326 3474 dura
1354 3425 1427 3472 At
1461 3422 1480 3488 ΙΙ
1509 3424 1610 3471 548
1639 3419 1838 3488 petant
1856 3417 1930 3470 N.
1953 3417 2222 3471 Heinsius

198 3512 256 3564 p.
287 3499 363 3549 58
389 3497 408 3564 ΙΙ
438 3499 535 3547 551
563 3496 622 3547 et
647 3493 889 3563 populus
917 3498 962 3545 A
990 3495 1094 3560 (sic
1110 3493 1366 3561 Bentley)
1400 3494 1408 3560 1
1440 3493 1736 3557 utramque
1761 3494 1804 3540 E
1839 3490 1896 3541 et
1920 3490 2157 3554 utraque
2175 3492 2222 3540 A

206 3583 341 3621 corr.
371 3567 573 3634 Peiper
608 3564 681 3633 (h.
721 3584 773 3635 p.
811 3565 1095 3631 utrimque
1131 3581 1178 3618 ο.
1218 3563 1285 3616 L.
1319 3563 1548 3630 Miiller)
1598 3564 1616 3630 ΙΙ
1671 3565 1775 3613 552
1810 3558 1958 3612 uidit
1992 3576 2048 3613 ω
2084 3574 2219 3612 corr.

206 3639 254 3691 I.
289 3638 509 3694 Gronov
545 3638 565 3706 ΙΙ
608 3640 706 3689 553
745 3652 844 3691 om.
883 3641 955 3688 At
990 3638 1009 3704 ΙΙ
1037 3641 1141 3688 560
1177 3633 1347 3689 armis
1383 3633 1586 3687 uestris
1623 3637 1695 3684 At
1730 3633 1749 3700 ΙΙ
1778 3636 1873 3685 561
1909 3630 2139 3684 adustas
2175 3633 2222 3681 A
