2658 4117
415 265 546 329 204
1056 265 1115 318 L.
1146 263 1428 317 ANNAEI
1466 262 1790 317 SENECAE

413 433 545 476 non
591 432 710 495 ego
758 414 1018 494 penates
1066 409 1377 494 profugus
1426 410 1666 473 excessi
1712 430 1915 472 meos:

415 523 640 585 parum
687 501 823 582 ipse
869 499 1070 563 fidens
1118 498 1412 562 mihimet
1456 498 1526 561 in
1570 502 1713 561 tuto
1760 503 1899 580 tua,

414 593 670 672 natura,
716 589 903 672 posui
948 588 1103 650 iura.
1196 608 1342 650 cum
1389 609 1622 671 magna
1666 586 1953 669 horreas,
2376 603 2443 650 25

416 679 589 761 quod
634 699 821 760 posse
867 677 1006 740 fieri
1050 669 1182 740 non
1227 680 1413 759 putes
1461 680 1707 740 metuas
1753 680 1995 740 tamen:

420 771 651 831 cuncta
696 786 1047 849 expavesco
1094 787 1323 848 meque
1370 786 1502 827 non
1548 766 1735 828 credo
1782 766 1959 828 mihi.

549 854 682 919 Iam
731 856 859 918 iam
906 855 1150 936 aliquid
1194 856 1263 918 in
1307 876 1426 919 nos
1472 854 1605 917 fata
1652 855 1865 917 moliri
1911 857 2155 937 parant.

416 967 566 1009 nam
614 945 769 1026 quid
815 965 956 1007 rear
1002 944 1174 1025 quod
1218 944 1343 1007 ista
1391 942 1700 1007 Cadmeae
1745 945 1882 1006 lues

416 1033 649 1098 infesta
695 1034 872 1117 genti
919 1036 1130 1117 strage
1174 1036 1307 1095 tam
1354 1033 1482 1096 late
1530 1033 1699 1096 edita
2377 1047 2447 1094 30

418 1121 579 1186 mihi
624 1123 830 1205 parcit
874 1122 1029 1185 uni?
1077 1122 1179 1184 cui
1224 1143 1623 1185 reservamur
1669 1122 1881 1185 malo?

416 1212 585 1275 inter
627 1211 844 1274 ruinas
889 1210 1064 1273 urbis
1111 1214 1174 1273 et
1221 1231 1471 1293 semper
1514 1211 1698 1274 novis

419 1300 708 1363 deflenda
751 1299 1030 1363 lacrimis
1074 1299 1299 1362 funera
1346 1321 1421 1363 ac
1465 1299 1690 1381 populi
1738 1302 1974 1362 struem

418 1389 760 1453 incolumis
807 1392 945 1451 asto
986 1425 1068 1434 —
1109 1388 1353 1451 scilicet
1397 1386 1640 1450 Phoebi
1686 1409 1847 1451 reus.

421 1500 672 1561 sperare
719 1479 972 1561 poteras
1021 1477 1362 1541 sceleribus
1409 1477 1606 1540 tantis
1654 1477 1789 1539 dari
2377 1491 2443 1538 35

418 1588 689 1651 regnum
737 1566 1032 1629 salubre?
1076 1566 1346 1628 fecimus
1394 1567 1639 1629 caelum
1685 1586 1937 1628 nocens

552 1654 707 1719 Non
750 1677 904 1718 aura
949 1655 1161 1739 gelido
1208 1655 1370 1718 lenis
1416 1654 1639 1718 afflatu
1683 1654 1861 1718 fovet

420 1744 650 1808 anhela
694 1743 968 1808 flammis
1016 1745 1233 1826 corda,
1278 1765 1411 1807 11011
1455 1742 1733 1826 Zephyri
1778 1745 1948 1807 leves

422 1834 695 1918 spirant,
741 1834 851 1897 sed
895 1834 1075 1917 ignes
1122 1837 1315 1917 auget
1361 1833 1641 1897 aestiferi
1688 1833 1860 1895 031118

421 1922 639 2004 Titan,
684 1923 888 1985 leonis
934 1926 1115 2006 terga
1159 1921 1464 1985 Nemeaei
1511 1943 1821 2005 premens.
2375 1936 2443 1983 40

423 2011 700 2077 deseruit
745 2033 962 2076 amnes
1008 2032 1196 2075 umor
1239 2014 1433 2094 atque
1479 2011 1707 2076 herbas
1756 2012 1932 2075 color

422 2104 682 2183 aretque
727 2099 945 2182 Dirce,
989 2101 1199 2164 tenuis
1244 2099 1531 2165 Ismenos
1577 2101 1722 2164 fluit

424 2195 488 2255 et
531 2190 772 2274 tinguit
816 2189 996 2273 inopi
1041 2190 1211 2252 nuda
1256 2190 1366 2252 vix
1411 2190 1581 2253 unda
1626 2190 1801 2253 vada.

425 2279 695 2343 obscura
741 2279 916 2341 caelo
962 2278 1202 2342 labitur
1245 2277 1492 2341 Phoebi
1539 2299 1737 2361 soror,

421 2368 752 2450 tristisque
798 2367 1073 2429 mundus
1119 2366 1342 2430 nubilo
1390 2368 1590 2450 pallet
1635 2368 1751 2431 die.
2375 2380 2444 2427 45

423 2458 674 2520 nullum
721 2456 957 2519 serenis
1003 2455 1301 2519 noctibus
1350 2457 1522 2519 sidus
1568 2457 1780 2538 micat,

426 2547 536 2610 sed
581 2544 794 2630 gravis
842 2548 907 2607 et
952 2548 1088 2608 ater
1134 2544 1397 2608 incubat
1441 2546 1626 2608 terris
1672 2566 1898 2628 vapor:

427 2635 675 2699 obtexit
719 2654 895 2697 arces
942 2634 1243 2698 caelitum
1290 2655 1364 2697 ac
1412 2655 1691 2697 summas
1738 2635 1961 2697 domos

425 2724 674 2788 inferna
715 2722 929 2787 facies.
1022 2723 1293 2807 denegat
1338 2723 1619 2786 fructum
1668 2721 1854 2787 Ceres

425 2814 668 2896 adulta,
716 2816 780 2876 et
824 2812 971 2875 altis
1017 2812 1182 2875 flava
1229 2832 1375 2875 cum
1424 2813 1614 2894 spicis
1660 2815 1909 2896 tremat,
2381 2825 2452 2873 50

426 2906 643 2966 arente
691 2902 904 2964 culmo
952 2902 1184 2964 sterilis
1233 2901 1541 2964 emoritur
1587 2921 1782 2986 80308.

362 2993 543 3064 Rnec
588 2992 721 3054 ulla
765 3012 914 3073 pars
960 2990 1263 3053 immunis
1311 2991 1508 3053 exitio
1555 2994 1768 3072 vacat,

417 3069 537 3160 §ed
583 3080 790 3144 omnis
837 3082 1010 3142 aetas
1057 3079 1295 3162 pariter
1341 3083 1405 3142 et
1452 3101 1637 3143 sexus
1683 3079 1839 3160 ruit,

522 3193 637 3312 χχἐξ
675 3253 823 3290 1111110
852 3240 989 3305 0130
1027 3236 1143 3304 13¹1!
1170 3241 1240 3288 24
1276 3236 1442 3304 parui
1479 3240 1560 3287 Δτ
1592 3238 1599 3305 Ι
1632 3236 1807 3289 fidens
1845 3252 1943 3289 om.
1984 3239 2065 3286 Δτ
2091 3237 2110 3303 Η
2137 3239 2206 3286 29
2244 3232 2380 3300 quid
2412 3232 2454 3300 (i

424 3316 463 3366 2
490 3328 558 3364 m.
590 3311 798 3378 ilfa-9.)
835 3308 947 3362 ista
983 3314 1025 3360 Ε
1080 3309 1098 3376 ΙΙ
1153 3312 1221 3360 34
1259 3307 1556 3361 incolumis
1596 3323 1725 3376 0130
1764 3310 1809 3357 Δ
1862 3310 1881 3375 ΙΙ
1936 3311 2001 3359 37
2042 3321 2145 3358 nec
2182 3319 2317 3357 aura
2354 3309 2396 3355 Ε
2437 3307 2456 3373 ΙΙ

427 3387 494 3435 39
541 3382 672 3450 13110
711 3380 890 3449 friget
925 3386 967 3432 Ε
1019 3379 1217 3447 (saevit
1252 3380 1335 3434 vel
1370 3379 1548 3432 fervet
1590 3379 1807 3433 Gronov
1852 3377 2013 3445 frigit
2048 3378 2096 3430 I.
2141 3375 2377 3442 Gronov)
2436 3378 2456 3445 ΙΙ

426 3491 496 3538 40
545 3485 705 3539 sitan
740 3493 783 3539 1.
829 3489 869 3556 γχ
891 3485 1074 3539 nemei
1111 3489 1219 3537 EA
1255 3502 1391 3540 corr.
1430 3497 1485 3551 ψ
1540 3487 1559 3553 ιι
1611 3490 1681 3537 42
1729 3454 1957 3552 aretque
1994 3489 2037 3535 r.
2092 3487 2110 3552 ῃ
2163 3487 2231 3535 43
2279 3481 2457 3551 tingit

428 3556 554 3623 ipsa
581 3562 627 3607 A
654 3560 672 3624 ΙΙ
698 3561 766 3609 45
805 3556 985 3625 pallet
1013 3573 1157 3610 nouo
1187 3560 1232 3607 A
1261 3557 1349 3625 (cf.
1381 3559 1511 3625 219)
1540 3559 1558 3624 Η
1587 3560 1654 3607 50
1693 3558 1903 3609 cremat
1932 3572 1987 3609 ω
2016 3571 2150 3609 corr.
2186 3554 2406 3608 Gronov
2433 3556 2453 3623 ΙΙ

430 3631 498 3677 52
535 3624 707 3678 Nulla
742 3645 796 3694 p.
836 3634 882 3679 A
920 3630 1042 3696 (nec
1078 3627 1196 3680 ulla
1234 3630 1290 3695 τ)
1319 3629 1338 3695 Η
1368 3632 1433 3679 53
1474 3630 1530 3680 et
1567 3627 1747 3680 omnis
1784 3639 1839 3693 ψ
