2658 4117
1114 244 1534 302 AGAMEMNO
1559 243 1563 246 ’
2212 251 2340 316 251

312 408 511 456 CLYT.
556 387 765 455 Amor
808 390 1040 475 iugalis
1086 391 1286 454 vincit
1334 412 1408 455 ac
1452 391 1657 457 flectit
1699 397 1899 457 retro:

309 480 662 544 referamur
705 480 888 561 illuc,
933 479 1102 542 unde
1146 500 1280 542 non
1325 480 1539 544 decuit
1584 481 1763 563 prius
2239 499 2345 547 240

311 569 512 652 abire3
561 568 672 632 sed
714 587 887 632 nunc
933 571 1108 631 casta
1149 571 1479 650 repetatur
1520 569 1707 651 fides,

312 680 465 722 nam
511 679 651 721 sera
695 678 1047 739 numquam
1096 659 1192 719 est
1237 656 1319 719 ad
1364 656 1569 721 bonos
1616 679 1826 722 mores
1872 658 2006 722 via:

312 767 504 829 quem
552 745 836 828 paenitet
881 764 1177 827 peccasse
1222 766 1425 827 paene
1470 749 1568 808 est
1612 746 1935 810 innocens.

311 849 467 897 ΑΕΘ.
515 832 657 909 Quo
703 833 946 915 raperis
993 834 1254 897 amens?
1300 834 1504 897 credis
1551 837 1662 898 aut
1709 856 1925 917 speras
1971 836 2095 899 tibi

311 919 820 1007 Agamemnonis
865 921 1053 985 fidele
1099 922 1517 1006 coniugium?
1563 926 1637 985 ut
1680 922 1847 987 nihil
2239 938 2342 987 245

311 1010 602 1075 subesset
648 1010 862 1073 animo
912 1010 1086 1092 quod
1130 1030 1354 1094 graves
1398 1010 1638 1075 faceret
1682 1016 1917 1076 metus:

311 1102 531 1163 tamen
575 1098 851 1181 superba
897 1102 962 1161 et
1006 1099 1329 1181 impotens
1376 1098 1536 1163 flatu
1581 1099 1774 1164 nimis

309 1184 599 1250 Fortuna
643 1208 880 1271 magno
927 1186 1191 1269 spiritus
1236 1187 1520 1251 tumidos
1567 1188 1761 1252 daret.

309 1275 524 1359 gravis
570 1276 681 1339 ille
727 1275 918 1339 sociis
965 1278 1175 1339 stante
1220 1275 1430 1339 adhuc
1474 1275 1668 1340 Troia
1711 1276 1863 1339 fuit:

311 1364 467 1447 quid
509 1386 650 1427 rere
690 1363 776 1426 ad
821 1363 1108 1427 animum
1155 1368 1382 1446 suapte
1425 1368 1656 1428 natura
1700 1368 1947 1429 trucem
2239 1381 2342 1430 250

311 1450 572 1516 Troiam
620 1452 978 1517 addidisse?
1022 1473 1134 1515 rex
1179 1451 1594 1534 Mycenarum
1640 1453 1792 1535 fuit,

310 1541 524 1603 veniet
567 1545 906 1623 tyrannus:
956 1559 1264 1623 prospera
1308 1542 1558 1605 animos
1604 1541 1887 1605 efferant.

309 1629 511 1692 effusa
556 1629 725 1693 circa
770 1629 1088 1712 paelicum
1137 1633 1379 1712 quanto
1421 1630 1598 1693 venit

309 1717 501 1780 turba
545 1719 887 1800 apparatu!
935 1718 1074 1780 sola
1118 1717 1229 1781 sed
1272 1717 1465 1781 turba
1508 1718 1747 1781 eminet

309 1807 613 1888 tenetque
656 1827 874 1890 regem
920 1805 1165 1869 famula
1209 1805 1474 1869 veridici
1520 1806 1647 1869 dei:
2236 1822 2341 1871 255

309 1893 559 1957 feresne
603 1893 872 1958 thalami
919 1893 1090 1957 victa
1135 1898 1500 1957 consortem
1544 1895 1685 1958 tui‘?

312 1984 378 2044 at
422 1982 538 2045 illa
580 1984 774 2046 nolet.
865 1982 1169 2046 ultimum
1217 1986 1313 2045 est
1358 1986 1600 2066 nuptae
1645 1983 1889 2045 malum

309 2071 525 2153 palam
572 2073 787 2135 mariti
832 2071 1165 2154 possidens
1212 2072 1438 2154 paelex
1484 2072 1762 2137 domum.

307 2179 428 2223 nec
470 2181 672 2245 regna
716 2161 963 2223 socium
1008 2159 1175 2223 ferre
1219 2180 1339 2224 nec
1382 2161 1605 2224 taedae
1652 2161 1880 2224 sciunt.

299 2262 508 2310 -OLY'r,
559 2246 900 2333 Aegisthe‚
946 2248 1101 2331 quid
1145 2269 1249 2311 me
1293 2268 1515 2312 rursus
1560 2250 1630 2312 in
1674 2269 1978 2332 praeceps
2025 2250 2163 2334 agis
2236 2266 2342 2314 260

311 2335 600 2418 iramque
644 2337 922 2401 flammis
969 2337 1097 2399 iam
1143 2337 1527 2400 residentem
1573 2338 1845 2401 incitas?

310 2425 603 2506 permisit
648 2425 893 2507 aliquid
936 2425 1145 2488 victor
1189 2425 1258 2488 in
1304 2429 1557 2508 captam
1606 2426 1755 2489 sibi:

308 2531 429 2575 nec
474 2514 815 2598 coniugem
861 2513 988 2577 hoc
1032 2514 1347 2596 respicere
1392 2533 1511 2577 nec
1557 2514 1882 2577 dominam
1930 2515 2124 2578 decet.

309 2600 417 2664 lex
463 2602 591 2665 alia
635 2602 798 2666 solio
846 2606 971 2682 est,
1015 2602 1144 2664 alia
1188 2603 1441 2685 privato
1489 2603 1558 2665 in
1601 2606 1763 2666 toro.

310 2689 466 2772 quid
511 2691 685 2774 quod
731 2711 981 2754 severas
1025 2689 1192 2754 ferre
1237 2711 1341 2754 me
1385 2691 1560 2775 leges
1606 2691 1744 2754 viro
2236 2706 2340 2754 265

306 2798 443 2840 11011
486 2780 732 2860 patitur
776 2779 1027 2843 animus
1073 2780 1281 2861 turpis
1328 2779 1591 2843 admissi
1636 2780 1924 2843 memor?

308 2866 422 2928 dat
467 2867 579 2930 ille
625 2867 879 2930 veniam
923 2867 1114 2931 facile
1160 2868 1264 2931 cui
1309 2869 1496 2932 venia
1542 2871 1639 2930 est
1686 2888 1864 2950 opus.

307 2969 466 3017 ΑΕΘ.
510 2952 693 3019 Itane
738 2957 878 3020 est‘?
922 2956 1163 3039 pacisci
1208 2960 1499 3035 mutuam
1545 2956 1798 3019 veniam
1841 2954 2037 3020 licet?

453 3097 560 3145 240
595 3093 897 3147 referemus
934 3099 977 3146 E
1015 3110 1150 3148 corr.
1194 3095 1433 3161 Gronov,
1467 3094 1772 3147 refer-emur
1807 3095 1921 3148 Leo
1957 3093 2036 3146 II
2054 3096 2167 3147 332
2200 3093 2342 3147 refe-

307 3162 485 3216 rimur
530 3164 615 3216 M.
666 3165 877 3218 Maller
919 3166 1030 3220 ibd.
1075 3180 1384 3218 remeamus
1430 3170 1476 3216 A
1530 3167 1548 3234 ΙΙ
1603 3168 1706 3216 245
1762 3164 2179 3234 Agamennonis
2226 3170 2269 3216 Ε
2323 3165 2341 3233 ΙΙ

309 3237 414 3286 247
464 3235 522 3287 et
566 3235 833 3289 innocens
879 3242 922 3288 Ε
959 3238 977 3304 Η
1014 3240 1122 3288 252
1159 3234 1398 3290 efferunt
1433 3239 1533 3287 EA
1569 3246 1705 3290 corr.
1746 3236 2012 3289 Buecheler
2046 3237 2064 3303 Η
2100 3238 2206 3287 254
2243 3234 2342 3287 sed

308 3302 476 3373 longe
514 3306 726 3360 eminet
762 3311 807 3358 A
842 3309 860 3375 Η
896 3312 1000 3360 257
1039 3305 1217 3360 nollet
1251 3313 1294 3359 Ε
1333 3309 1351 3375 Η
1387 3311 1493 3359 258
1529 3305 1723 3358 mariti
1759 3323 1826 3360 ex
1860 3305 2068 3358 marita
2103 3305 2174 3357 13¹
2224 3320 2342 3359 ma-

307 3374 422 3428 rita
467 3380 514 3428 A
565 3379 584 3445 ΙΙ
632 3383 746 3430 260
791 3385 898 3433 tres
934 3379 1144 3433 litterae
1181 3378 1355 3432 minio
1390 3379 1455 3431 in
1488 3378 1669 3443 fronte
1703 3393 1750 3431 v.
1782 3378 1991 3445 pictae,
2035 3377 2129 3430 sed
2173 3377 2340 3430 deter-

307 3461 400 3499 sae
444 3452 487 3498 Ε
507 3447 556 3514 ¹;
610 3454 915 3503 atramento
959 3449 1243 3518 repetitum
1291 3466 1392 3502 cm.
1440 3455 1483 3501 Ε
1500 3447 1601 3480 ²-8
1650 3449 1657 3517 1
1706 3462 1975 3516 praeceps
2020 3446 2174 3516 rapis
2225 3452 2272 3500 A
2326 3448 2343 3515 ΙΙ

309 3520 416 3569 262
454 3517 662 3589 aliquis
701 3525 744 3571 Ε
790 3522 809 3589 Η
855 3524 959 3572 268
998 3536 1329 3573 11011-11011
1367 3530 1423 3585 ψ
1468 3522 1487 3589 ΙΙ
1533 3523 1640 3572 264
1677 3519 1827 3572 socio
1867 3523 1912 3570 A
1944 3521 1951 3589 1
1983 3518 2210 3587 priuata
2246 3524 2289 3571 E
2326 3520 2343 3586 ΙΙ

307 3591 413 3640 267
445 3587 542 3642 det
568 3608 625 3645 ω
662 3606 800 3645 corr.
824 3591 1056 3660 Bentley
1082 3593 1101 3659 Η
1128 3595 1234 3643 268
1262 3591 1348 3645 ita
1377 3592 1463 3644 est
1490 3608 1547 3645 ω
1575 3606 1711 3646 corr.
1733 3591 1957 3646 Richter
1989 3592 1996 3659 Ι
2028 3589 2272 3660 pacissci
2299 3595 2342 3641 Ε
