2658 4117
1141 279 1477 333 TROADES
2151 298 2157 307 ’
2239 283 2319 344 61

291 425 591 509 equidem
637 425 888 489 fatebor
934 423 1118 510 (pace
1165 425 1402 489 dixisse
1447 424 1572 489 hoc
1618 430 1757 508 tua,

294 515 541 601 Argiva
586 517 807 595 tellus,
852 513 1070 601 liceat)
1119 514 1325 599 affligi
1369 513 1659 599 Phrygas

298 606 598 686 vincique
645 604 849 667 volui:
899 626 1082 666 ruere
1130 607 1194 666 et
1240 604 1500 685 aequari
1548 604 1685 667 solo

293 695 548 758 utinam
596 693 958 756 arcuissem.
1052 693 1161 756 sed
1204 693 1346 777 regi
1387 693 1585 755 frenis
1632 695 1855 776 nequit

298 787 363 846 et
409 784 506 845 ira
552 786 615 845 et
660 781 888 844 ardens
934 781 1140 845 hostis
1189 786 1252 844 et
1297 781 1567 844 victoria
2219 799 2323 846 280

296 870 643 935 commissa
688 871 880 935 nocti.
975 870 1282 952 quicquid
1329 870 1665 955 indignum
1713 876 1824 935 aut
1867 872 2074 934 ferum

297 962 602 1044 cuiquam
648 960 852 1022 videri
895 959 1137 1042 potuit,
1182 959 1305 1022 hoc
1352 959 1506 1022 fecit
1551 960 1734 1023 dolor

299 1050 757 1131 tenebraeque,
803 1070 917 1131 per
963 1069 1121 1130 quas
1168 1048 1304 1131 ipse
1353 1069 1420 1111 se
1467 1048 1676 1111 irritat
1718 1049 1915 1132 furor,

281 1138 680 1223 gladiusque
726 1138 911 1219 felix,
956 1138 1136 1200 0111118
1184 1137 1406 1200 insecti
1453 1138 1649 1200 semel

297 1249 521 1292 vecors
568 1227 769 1290 libido
817 1231 929 1289 est.
1023 1226 1328 1308 quicquid
1376 1248 1628 1289 eversae
1672 1230 1886 1309 potest
2218 1243 2323 1289 285

298 1337 630 1399 superesse
676 1315 929 1396 Troiae,
977 1320 1254 1378 maneat:
1302 1318 1598 1378 exactum
1646 1316 1799 1379 satis

299 1427 652 1488 poenarum
699 1407 764 1467 et
808 1404 978 1467 ultra
1023 1407 1135 1467 est.
1225 1404 1404 1489 regia
1447 1408 1522 1467 ut
1567 1404 1747 1489 virgo
1798 1405 2046 1469 occidat

298 1494 681 1575 tumuloque
730 1493 969 1556 donum
1017 1492 1201 1555 detur
1246 1496 1310 1556 et
1357 1494 1597 1556 cineres
1643 1495 1810 1579 riget

301 1588 368 1646 et
413 1583 663 1646 facinus
712 1586 893 1645 atrox
940 1582 1150 1645 caedis
1194 1586 1268 1645 ut
1313 1582 1632 1645 thalamos
1678 1583 1949 1646 vocent?

302 1694 435 1735 non
480 1672 704 1755 patiar.
798 1672 865 1734 in
910 1693 1012 1734 me
1060 1671 1249 1753 culpa
1295 1674 1671 1734 cunctorum
1717 1670 1906 1734 redit:
2222 1687 2325 1735 290

306 1762 419 1844 qui
464 1783 596 1823 non
642 1763 816 1823 vetat
861 1780 1151 1843 peccare,
1198 1782 1345 1824 cum
1390 1761 1622 1842 possit,
1670 1761 1862 1823 iubet.

305 1868 554 1913 PYRRH.
602 1846 956 1912 Nullumne
1001 1847 1275 1912 Achillis
1321 1849 1677 1930 praemium
1724 1871 1942 1912 manes
1987 1847 2237 1912 ferent?

306 1955 514 2002 AGAM.
562 1937 822 2020 Ferent,
868 1941 932 2001 et
978 1938 1163 2001 illum
1207 1938 1505 2001 laudibus
1553 1937 1768 2001 cuncti
1814 1942 2044 2002 canent

308 2049 740 2114 magnumque
786 2031 989 2091 terrae
1033 2049 1271 2091 nomen
1316 2028 1575 2113 ignotae
1627 2027 1901 2092 audient.

309 2120 479 2201 quod
528 2119 583 2182 si
629 2118 879 2181 levatur
924 2117 1233 2201 sanguine
1280 2116 1493 2180 infuso
1542 2118 1731 2200 011118,
2224 2132 2325 2179 295

307 2208 525 2290 opima
568 2205 839 2291 Phrygii
886 2207 1052 2270 colla
1099 2206 1444 2269 caedantur
1490 2228 1713 2291 greges

305 2297 594 2379 fluatque
641 2296 806 2359 nulli
852 2294 1085 2358 flebilis
1132 2295 1323 2358 matri
1370 2315 1571 2358 cruor.

305 2386 450 2467 quis
497 2386 617 2447 iste
665 2406 804 2448 mos
852 2388 974 2466 est,
1021 2385 1274 2466 quando
1322 2385 1391 2447 111
1438 2383 1698 2448 inferias
1743 2383 1937 2447 homo
1986 2388 2081 2447 est

306 2475 636 2557 impensus
682 2473 1007 2536 hominis?
1056 2472 1315 2536 detrahe
1365 2473 1670 2537 invidiam
1718 2477 1829 2536 tuo

306 2564 650 2644 odiumque
697 2564 890 2645 patri,
939 2584 1129 2644 quem
1176 2562 1303 2625 0011
1348 2584 1555 2644 poena
1602 2563 1798 2626 iubes.
2224 2577 2327 2624 300

309 2670 555 2715 PYRRH.
605 2648 658 2713 Ο
705 2652 976 2733 tumide,
1021 2674 1234 2714 rerum
1282 2651 1435 2714 dum
1482 2650 1899 2715 secundarum
1947 2654 2150 2715 status

308 2742 561 2804 extollit
608 2741 884 2823 311111108,
929 2741 1152 2804 timide
1200 2763 1347 2804 cum
1395 2741 1709 2823 increpuit
1754 2744 1987 2821 11101118,

306 2852 532 2915 regum
579 2832 873 2913 tyranne!
922 2830 1197 2893 etiamne
1244 2829 1643 2892 flammatum
1692 2830 1859 2913 geris

307 2919 544 2982 amoris
593 2922 772 2982 aestu
820 2922 1044 3001 pectus
1093 2939 1165 2981 ac
1210 2918 1459 2981 veneris
1505 2919 1751 2982 novae?

307 3009 565 3071 solusne
612 3008 849 3071 totiens
898 3008 1104 3089 spolia
1150 3006 1226 3070 de
1272 3007 1460 3070 nobis
1506 3007 1713 3070 feres?
2228 3022 2328 3070 305

447 3224 555 3270 276
593 3218 698 3270 hoc
737 3217 942 3270 dixisse
977 3222 1048 3269 At
1086 3221 1102 3287 ΙΙ
1131 3223 1236 3270 279
1275 3218 1448 3271 etiam
1488 3217 1797 3286 arguissem
1834 3235 1889 3271 ω
1926 3235 2061 3271 corr.
2095 3217 2333 3287 Madvig]

307 3290 382 3342 II
413 3292 524 3343 120
580 3288 903 3358 (arcuissem
953 3290 1203 3357 Lipsius)
1268 3291 1285 3357 ΙΙ
1350 3294 1453 3342 283
1509 3288 1628 3356 ipse
1684 3306 1781 3343 om.
1822 3293 1866 3340 A
1917 3291 1924 3356 Ι
1976 3305 2033 3341 80
2088 3305 2187 3344 om.
2235 3294 2280 3340 B
2314 3289 2331 3370 ΙΙ

310 3365 412 3413 289
447 3375 642 3413 vocem
680 3365 725 3411 A
770 3362 788 3428 ΙΙ
835 3365 942 3413 292
982 3360 1177 3413 achilli
1213 3372 1268 3425 ψ
1316 3365 1334 3429 ΙΙ
1380 3365 1485 3413 296
1521 3360 1707 3428 gregis
1746 3377 1801 3413 ω
1847 3377 1982 3414 corr.
2014 3359 2282 3415 Bu'cheler
2314 3363 2331 3429 ΙΙ

310 3436 411 3484 298
450 3431 550 3498 qui
586 3437 628 3483 Ε
664 3434 670 3498 Ι
703 3447 822 3484 11108
863 3434 984 3485 est?
1021 3431 1132 3485 Leo
1162 3434 1180 3500 ΙΙ
1208 3437 1313 3484 299
1350 3431 1564 3484 1101111111
1602 3436 1646 3483 A
1683 3434 1700 3500 ΙΙ
1743 3436 1847 3483 302
1886 3431 2097 3485 estolh't
2132 3437 2174 3484 Ε
2208 3435 2215 3500 Ι
2248 3431 2332 3483 111-

310 3503 487 3556 creuit
523 3508 565 3554 Ε
622 3505 640 3571 ΙΙ
695 3507 798 3555 303
837 3502 1023 3556 iamne
1062 3520 1117 3557 ω
1164 3519 1298 3557 corr.
1343 3503 1649 3556 Koetsehau
1696 3503 1989 3571 (iterumne
2027 3504 2278 3573 Bentley)
2314 3504 2331 3573 ΙΙ

314 3578 414 3626 804
453 3589 643 3627 3111010
682 3573 868 3626 subito
908 3591 963 3627 ω
1002 3590 1050 3627 a.
1083 3574 1249 3627 solito
1286 3585 1343 3639 ψ
1381 3591 1514 3628 corr.
1547 3576 1778 3643 Bentley
1814 3576 1930 3629 coll.
1968 3575 2058 3628 Ov.
2094 3592 2197 3627 am.
2230 3576 2339 3627 III

311 3648 370 3709 5,
410 3648 482 3698 36
519 3645 761 3714 (Amoris
801 3645 929 3711 igne
970 3645 1100 3713 Leo)
1142 3660 1328 3698 amore
1366 3648 1574 3712 nuptae
1614 3645 1840 3713 Peipem
1875 3653 1935 3700 at
1969 3647 2038 3710 cf.
2070 3649 2177 3698 364
2242 3675 2243 3678 =
