2658 4117
356 282 442 353 22
1004 282 1061 333 L.
1096 280 1378 334 ANNAEI
1416 278 1742 334 SENECAE

626 431 689 490 et
734 449 879 489 cum
926 425 1102 489 Mors
1150 426 1353 489 avidis
1400 427 1640 509 pallida
1686 426 1983 489 dentibus
2282 443 2386 490 555

621 519 842 600 gentes
891 516 1256 579 innumeras
1303 515 1601 579 manibus
1648 515 1894 596 intulit,

619 625 748 666 uno
794 607 894 667 tot
939 604 1168 687 populi
1212 604 1455 688 remige
1501 607 1850 667 transeunt.

755 691 1034 755 Evincas
1082 693 1331 755 utinam
1379 692 1518 755 iura
1562 693 1732 755 ferae
1780 690 2000 778 Stygis

618 779 1089 863 Parcarumque
1137 782 1312 844 colos
1363 802 1497 844 non
1539 781 1949 846 revocabiles.

616 870 725 934 hic
773 870 884 951 qui
930 892 1040 932 rex
1088 870 1348 953 populis
1396 870 1689 952 pluribus
1737 869 2037 954 imperat,
2277 887 2381 935 560

618 959 789 1021 bello
837 979 983 1021 cum
1030 962 1277 1041 peteres
1324 955 1705 1022 Nestoream
1753 957 1991 1041 Pylon,

617 1051 831 1110 tecum
879 1048 1203 1110 conseruit
1248 1047 1583 1130 pestiferas
1630 1069 1857 1111 manus

617 1136 817 1198 telum
865 1136 1221 1220 tergemina
1268 1136 1530 1219 cuspide
1578 1136 1971 1219 praeferens:

618 1224 846 1308 effugit
891 1225 1070 1287 tenui
1118 1226 1381 1288 vulnere
1429 1226 1683 1288 saucius

616 1316 680 1376 et
726 1313 953 1376 mortis
1000 1313 1297 1376 dominus
1347 1313 1681 1397 pertimuit
1728 1315 1907 1377 mori.
2276 1330 2377 1377 565

613 1401 819 1465 fatum
864 1425 1092 1485 rumpe
1140 1425 1364 1484 manu,
1409 1403 1702 1465 tristibus
1750 1403 1969 1466 inferis

618 1495 992 1573 prospectus
1042 1495 1258 1573 pateat
1303 1489 1467 1553 lucis
1515 1494 1577 1554 et
1625 1491 1835 1554 invius

614 1580 800 1642 limes
848 1581 955 1643 det
1000 1580 1222 1643 faciles
1270 1580 1350 1641 ad
1397 1601 1661 1662 superos
1708 1581 1862 1644 vias.

748 1666 1036 1731 Immites
1083 1669 1296 1751 potuit
1343 1668 1597 1732 flectere
1645 1670 1940 1733 cantibus

616 1757 988 1820 umbrarum
1035 1759 1329 1821 dominos
1378 1760 1441 1820 et
1487 1778 1672 1840 prece
1721 1760 2000 1840 supplici
2269 1775 2373 1823 570

616 1843 908 1927 Orpheus
921 1896 937 1926 ,
982 1845 1351 1928 Eurydicen
1397 1847 1549 1909 dum
1595 1848 1826 1929 repetit
1874 1869 2071 1911 suam.

616 1956 778 2016 quae
827 1935 1021 1997 silvas
1070 1939 1132 1997 et
1180 1957 1327 1997 aves
1378 1956 1656 2016 saxaque
1701 1939 1981 1999 traxerat

616 2044 743 2104 ars,
791 2045 952 2104 quae
999 2023 1380 2106 praebuerat
1423 2022 1799 2087 fluminibus
1847 2047 2057 2089 moras
2069 2076 2085 2107 ‚

617 2112 696 2174 ad
742 2114 923 2175 cuius
973 2113 1254 2175 sonitum
1303 2113 1724 2176 constiterant
1771 2114 1968 2195 ferae,

616 2200 853 2263 mulcet
900 2222 1031 2263 non
1078 2201 1286 2264 solitis
1334 2201 1601 2264 vocibus
1650 2202 1887 2265 inferos
2276 2220 2378 2267 575

615 2292 679 2351 et
726 2289 932 2351 surdis
978 2293 1233 2352 resonat
1282 2290 1515 2352 clarius
1565 2291 1632 2352 in
1677 2291 1856 2353 locis,

616 2377 851 2439 deflent
896 2376 1264 2458 Eurydicen
1310 2377 1643 2441 Threiciae
1691 2402 1887 2443 nurus
1900 2429 1916 2460 ‚

616 2466 850 2528 deflent
897 2470 960 2529 et
1006 2467 1287 2530 lacrimis
1337 2467 1632 2531 difficiles
1680 2469 1813 2548 dei,

615 2558 679 2638 et
726 2555 837 2636 qui
883 2555 1094 2618 fronte
1141 2556 1335 2619 nimis
1384 2557 1652 2619 crimina
1698 2557 1923 2620 tetrica

617 2648 931 2725 quaerunt
978 2667 1051 2707 ac
1098 2649 1343 2708 veteres
1390 2646 1724 2709 excutiunt
1770 2669 1911 2709 reos
2273 2662 2377 2710 580

614 2733 838 2795 flentes
884 2732 1250 2816 Eurydicen
1296 2734 1551 2798 iuridici
1597 2736 1833 2798 sedent.

613 2822 872 2884 tandem
919 2823 1143 2885 mortis
1191 2823 1281 2885 ait
1329 2822 1692 2887 ‘vincimur’
1741 2824 1995 2905 arbiter,

616 2909 834 2973 ‘evade
881 2911 961 2974 ad
1007 2933 1271 2994 superos
1281 2961 1298 2993 ,
1345 2913 1487 2996 lege
1533 2915 1750 2975 tamen
1796 2913 1969 2975 data:

613 3002 686 3061 tu
732 3003 880 3081 post
926 3003 1107 3085 terga
1151 3000 1250 3063 tui
1295 3022 1489 3085 perge
1537 3001 1659 3063 viri
1710 3021 1951 3081 comes,

613 3090 686 3150 tu
733 3110 865 3151 non
911 3092 1057 3152 ante
1104 3093 1282 3152 tuam
1329 3090 1573 3172 respice
1621 3090 1989 3173 coniugem,
2268 3106 2372 3151 585

493 3284 588 3332 561
624 3282 841 3348 peteret
878 3286 919 3331 Ε
966 3282 1223 3348 peterent
1251 3285 1296 3331 A
1344 3298 1478 3335 corr.
1510 3292 1564 3346 ψ
1611 3282 1679 3345 cf.
1717 3281 1939 3335 Richter
1968 3282 2042 3334 K.
2083 3282 2143 3336 U.
2175 3298 2225 3349 p.
2257 3287 2362 3344 18
2359 3282 2376 3328 Ι

351 3354 454 3402 566
491 3366 687 3419 rumpe
730 3368 796 3404 επ
832 3367 1088 3419 rumpere
1127 3351 1197 3403 1⁴3¹
1248 3354 1255 3420 Ι
1305 3351 1485 3405 tristis
1532 3354 1588 3405 et
1635 3351 1827 3404 inferis
1867 3356 1912 3402 A
1965 3355 1984 3421 ΙΙ
2041 3357 2136 3405 571
2173 3319 2377 3421 recipit

351 3436 507 3473 suam
549 3426 591 3471 A
645 3423 663 3486 11
721 3426 821 3474 577
861 3429 982 3487 post
1019 3428 1122 3474 580
1152 3424 1369 3491 positas
1405 3428 1450 3474 A
1500 3425 1507 3491 1
1558 3422 1894 3489 Eurydicem
1931 3429 1974 3475 E
2022 3426 2027 3490 Ι
2075 3423 2377 3477 Tartareae

349 3508 518 3543 nurus
558 3492 775 3556 Withof
824 3492 1049 3559 Elysiae
1077 3496 1310 3563 Bentley
1368 3493 1419 3545 d.
1455 3494 1791 3547 Eumenides
1820 3492 2138 3548 Threiciam
2175 3513 2378 3548 nurum

351 3563 420 3615 Β
453 3560 696 3615 Schmidt
732 3564 837 3616 obs.
877 3563 994 3617 crit.
1027 3581 1085 3632 p.
1127 3569 1199 3617 16
1235 3582 1302 3618 ex
1345 3565 1499 3618 Ovid.
1531 3565 1605 3618 H.
1639 3566 1701 3619 Χ
1725 3568 1798 3619 45
1833 3566 1927 3619 sed
1962 3567 2032 3631 cf.
2065 3566 2139 3619 H.
2169 3567 2248 3619 II
2268 3570 2379 3620 953

354 3632 425 3683 Η.
459 3633 609 3699 14911
640 3636 742 3683 583
781 3634 838 3685 et
874 3633 1017 3686 vade
1054 3640 1125 3685 A'c
1169 3634 1191 3685 i
1228 3635 1370 3687 vade
1409 3638 1641 3705 Bentley]
1679 3642 1705 3702 (
1711 3638 1760 3689 Τ
1753 3654 1794 3689 7.
1831 3641 1960 3694 791)
