2658 4117
983 244 989 249 ·
1063 229 1485 286 AGAMEMNO
2164 231 2297 298 263

263 379 552 443 sacrifica
599 378 815 442 dulces
861 377 1021 441 tibia
1067 377 1354 441 effundat
1399 378 1625 442 modos
1720 395 1724 397 ·

264 470 331 531 et
372 467 560 531 nivea
605 488 871 551 magnas
918 466 1180 530 victima
1226 470 1376 530 ante
1421 488 1561 531 aras
1611 468 1811 531 cadat.
2191 480 2297 530 585

400 553 526 620 Sed
572 575 746 638 ecce,
791 555 981 619 turba
1025 554 1229 619 tristis
1275 554 1643 639 incomptae
1690 575 1905 620 comas

262 640 495 708 Iliades
542 645 803 725 adsunt,
848 664 1006 726 quas
1053 663 1246 725 super
1290 644 1462 708 celso
1508 644 1711 728 gradu

262 730 505 797 effrena
547 731 841 796 Phoebas
888 730 1151 796 entheas
1197 730 1417 796 laurus
1466 732 1690 816 quatit.

602 940 949 1024 oflossvs
995 940 1372 1007 ILIADVM
1446 939 1965 1009 oAssANDRA

577 1066 723 1133 Heu
761 1063 956 1152 qussm
995 1069 1180 1132 dulce
1217 1069 1461 1132 malum
1498 1069 1878 1133 mortalibus
1921 1068 2209 1132 additum

443 1156 615 1221 vitae
662 1156 837 1221 dirus
884 1178 1083 1238 amor,
1129 1177 1289 1220 cum·
1322 1160 1541 1239 pateat
1585 1157 1772 1221 malis
2032 1188 2037 1193 ·
2101 1219 2104 1220 γ
2194 1172 2300 1219 590

443 1245 756 1330 effugium
801 1248 868 1309 et
912 1245 1179 1309 miseros
1224 1245 1428 1308 libera
1473 1266 1646 1309 mors
1692 1250 1880 1311 vocet

443 1338 671 1417 portus
717 1337 975 1398 aeterna
1018 1333 1308 1416 placidus
1357 1334 1587 1415 quiete.

440 1420 659 1485 nullus
705 1421 880 1497 hunc
925 1426 1132 1485 terror
1174 1442 1291 1485 nec
1336 1423 1712 1505 impotentis

440 1511 730 1594 procella
772 1509 1096 1585 Fortunae
1143 1514 1361 1574 movet
1405 1514 1518 1575 aut
1562 1511 1769 1592 iniqui

443 1599 703 1662 flamma
749 1597 1075 1662 Tonantis,
2195 1613 2299 1662 595

557 1686 938 1770 Perrumpet
985 1708 1173 1750 omne
1220 1687 1552 1750 servitium
2196 1701 2299 1752 605

441 1779 852 1858 contemptor
894 1776 1132 1839 levium
1181 1776 1473 1857 deorum,

441 1865 558 1946 qui
602 1864 818 1927 vultus
864 1860 1250 1927 Acherontis
1297 1865 1447 1945 atri,

441 1953 558 2034 qui
604 1949 807 2037 Styga
849 1952 1100 2016 tristem
1147 1974 1280 2016 non
1325 1953 1531 2017 tristis
1573 1952 1749 2017 videt

444 2041 762 2124 audetque
805 2041 977 2107 vitae
1021 2063 1261 2126 ponere
1305 2042 1519 2105 finem.
2194 2056 2297 2105 609

559 2128 715 2193 Alta
760 2152 887 2213 pax
1015 2154 1046 2189 *
1177 2153 1209 2190 *
1337 2130 1551 2195 nullos
2195 2146 2300 2194 596

442 2218 683 2282 civium
731 2222 950 2282 coetus
996 2219 1185 2283 timet
1229 2223 1342 2283 aut
1387 2220 1667 2283 minaces

445 2307 708 2371 victoris
755 2307 911 2389 iras,
953 2329 1087 2371 non
1133 2307 1337 2371 maria
1382 2308 1622 2391 asperis

444 2397 669 2460 insana
713 2396 907 2478 coris,
950 2394 1085 2460 nou
1129 2396 1296 2460 acies
1342 2396 1507 2461 feras

446 2483 893 2568 pulvereamve
936 2484 1176 2548 nubem
2195 2499 2301 2547 600

444 2577 689 2637 motam
734 2573 1083 2637 barbaricis
1129 2572 1420 2656 equitum
1469 2572 1764 2657 catervis3

442 2683 577 2725 non
620 2662 777 2725 urbe
825 2682 971 2726 cum
1018 2665 1158 2725 tota
1202 2663 1480 2745 populos
1528 2663 1850 2743 cadentes,

409 2875 514 2923 589
570 2868 780 2924 Chorus
828 2870 1142 2925 Cassandra
1187 2875 1249 2923 A.
1342 2871 1432 2924 De
1484 2887 1542 2924 re
1596 2872 1821 2925 metrica
1873 2870 2040 2924 huius
2094 2867 2301 2924 cantici

258 2941 332 3008 cf.
373 2942 451 2995 ad
491 2941 616 2995 Oed.
655 2959 702 2996 v.
741 2945 868 3009 403,
923 2958 1041 3010 cap.
1080 2942 1197 2995 III.
1303 2942 1456 3012 Quae
1493 2941 1607 2995 Leo
1651 2942 1694 2993 Ι
1723 2944 1833 2994 117
1870 2942 2121 3009 disputat
2117 2982 2145 3012 a
2182 2941 2299 3009 ipse

260 3012 779 3152 ἑᾘοῗῶοὗὲἇέῒ
808 3011 1794 3152 fflffissteffffffiffffiffil'
1838 3011 2300 3152 .⁵2⁹1¹²}‘³¹‡¹⁵i{¹²†.

263 3159 367 3206 595
400 3160 529 3222 post
561 3154 708 3208 hunc
742 3172 790 3209 v.
832 3155 1056 3210 Richter
1090 3155 1372 3209 collocavit
1407 3170 1453 3207 v.
1486 3156 1781 3208 605—609
1825 3155 1845 3221 ΙΙ
1890 3157 1994 3205 596
2028 3168 2142 3221 pax
2179 3151 2299 3206 alta

260 3223 447 3278 nullos
487 3241 542 3278 ω
588 3240 801 3279 versum
835 3226 1028 3279 addito
1062 3226 1161 3280 hoc
1194 3226 1308 3291 fere
1353 3225 1721 3293 supplemento
1769 3223 1888 3277 alta
1931 3239 2045 3291 pax
2092 3222 2299 3295 <illum

260 3297 435 3364 tenet,
464 3294 607 3368 ille>
644 3295 829 3349 nuHos
864 3296 1258 3351 restituendum
1284 3302 1459 3349 censet
1485 3296 1709 3350 Richter
1733 3297 1752 3363 11
1781 3299 2062 3347 596-600
2099 3310 2212 3362 pax
2230 3302 2300 3333 —-'

261 3368 402 3420 coet.
438 3369 446 3435 Ι
477 3367 731 3420 timet—
752 3366 864 3421 iras
898 3370 907 3436 Ι
938 3383 1051 3420 non
1071 3398 1137 3406 —
1160 3366 1304 3420 coris
1338 3369 1346 3435 Ι
1378 3383 1492 3421 non
1511 3397 1578 3405 —
1598 3366 1805 3419 nubem
1841 3371 1942 3417 ΕΔ
1976 3367 1994 3433 ΙΙ
2032 3370 2133 3417 597
2173 3381 2298 3419 coe-

258 3439 349 3491 tos
387 3443 430 3489 Ε
473 3439 480 3506 Ι
521 3436 705 3491 minas
740 3443 784 3491 Ε
839 3440 858 3507 ΙΙ
913 3442 1017 3490 599
1055 3437 1238 3492 choris
1274 3438 1444 3490 Eut)
1498 3440 1519 3520 ΙΙ
1571 3442 1676 3490 600
1720 3436 2151 3504 pulvereamque
2189 3440 2234 3487 A
2280 3439 2299 3505 ΙΙ

261 3512 362 3560 601
399 3509 556 3562 mota
591 3514 635 3560 B
663 3511 682 3577 ΙΙ
710 3513 813 3561 605
852 3526 908 3577 p.
948 3525 996 3563 0.
1038 3526 1079 3563 s.
1121 3526 1164 3563 c.
1201 3512 1208 3579 Ι
1241 3509 1277 3562 1.
1309 3509 1363 3563 d.
1400 3515 1443 3561 Ε
1482 3507 1619 3577 (md.
1648 3506 1802 3577 bell.)
1839 3526 1893 3576 p.
1934 3524 1982 3561 o.
2018 3509 2024 3575 Ι
2059 3506 2209 3561 solus
2249 3523 2297 3560 c.

257 3577 298 3631 1.
339 3577 391 3631 d.
432 3583 479 3631 A
504 3581 523 3647 ΙΙ
550 3584 653 3632 607
693 3579 792 3648 qui
813 3612 879 3619 —
900 3580 1122 3634 tristem
1156 3583 1164 3649 Ι
1196 3597 1308 3634 non
1329 3612 1396 3620 —
1416 3579 1572 3633 uitae
1606 3582 1613 3648 1
1645 3597 1699 3647 p.
1738 3578 1776 3632 f.
1815 3595 1920 3647 par
1940 3609 2007 3618 --
2028 3577 2136 3632 erit
2171 3584 2214 3630 Ε
