2658 4117
363 264 493 327 332
1011 262 1070 317 L.
1101 263 1387 316 ANNAEI
1423 263 1753 317 SENECAE

362 409 527 472 mihi
572 409 786 473 reddis
832 409 1083 473 iterum.
1126 446 1207 454 -
1250 409 1405 490 quid
1451 412 1627 472 vetas
1673 408 1964 472 flammas
2013 407 2142 472 ali?
2298 423 2407 474 310

366 498 523 582 quid
565 498 815 584 fragnis
862 498 1092 583 ignes‘?
1138 497 1312 560 hunc
1359 496 1520 560 mihi
1567 519 1748 562 serva
1793 498 2135 581 impetum,

364 609 549 670 pares
597 609 847 669 eamus,
894 608 1027 650 non
1073 586 1194 650 erit
1239 586 1408 649 votis
1457 607 1645 669 opus:

366 676 571 739 aderit
614 697 891 740 noverca
938 697 1100 757 quae
1147 696 1375 737 manus
1421 680 1672 738 nostras
1717 679 1900 760 regat

368 765 473 827 vel
518 764 833 828 invocata.
925 781 1086 826 NVT.
1135 761 1321 838 Quod
1367 785 1553 847 paras
1603 763 1862 827 demens
1909 762 2159 827 scelus?

368 853 645 936 perimes
692 853 1027 935 maritum,
1074 853 1255 915 cuius
1303 857 1625 916 extremus
1673 853 1806 916 dies
2298 869 2401 917 316

366 941 743 1025 primusque
789 941 1012 1005 laudes
1058 941 1241 1004 novit
1286 945 1351 1004 et
1398 941 1573 1005 caelo
1620 945 1807 1005 tenus

367 1034 580 1093 erecta
623 1033 824 1093 terras
869 1030 1044 1092 fama
1091 1030 1458 1113 suppositas
1504 1027 1742 1093 habet?

371 1116 713 1182 Graiorum
760 1119 829 1182 in
875 1119 1033 1181 istos
1079 1122 1248 1182 terra
1295 1122 1641 1203 consurget
1686 1119 1851 1182 lares

371 1206 728 1289 domusque
749 1242 752 1245 ⁴
775 1207 979 1271 soceri
1025 1207 1233 1289 prima
1280 1211 1346 1270 et
1381 1204 1687 1270 Aetolum
1736 1228 1936 1291 genus

368 1299 687 1359 sternetur
733 1317 949 1377 omne,
997 1317 1152 1358 saxa
1197 1295 1325 1359 iam
1374 1295 1614 1358 dudum
1662 1318 1737 1360 ac
1782 1296 1953 1359 faces
2298 1311 2405 1359 320

368 1384 438 1448 in
483 1388 547 1447 te
592 1384 894 1466 ferentur,
941 1384 1260 1448 vindicem
1306 1384 1499 1448 tellus
1548 1406 1736 1447 suum

368 1472 666 1536 defendet
711 1472 948 1537 omnis:
994 1495 1123 1536 una
1170 1477 1329 1555 quot
1373 1494 1613 1554 poenas
1660 1472 1886 1536 dabis?

369 1561 648 1647 effugere
694 1566 895 1625 terras
941 1562 1125 1626 crede
1172 1565 1236 1624 et
1282 1561 1636 1625 humanum
1685 1582 1886 1645 genus

367 1655 432 1715 te
478 1672 695 1734 posse,
739 1651 988 1715 fulmen
1034 1652 1288 1735 genitor
1323 1649 1591 1715 Alcidae
1638 1651 1830 1735 gerit:

369 1740 498 1803 iam
545 1740 673 1803 iam
720 1741 1001 1803 minaces
1049 1740 1142 1803 ire
1190 1762 1303 1822 per
1352 1741 1597 1803 caelum
1644 1739 1815 1803 faces
2295 1754 2406 1802 325

370 1832 590 1911 specta
635 1833 699 1892 et
744 1833 1077 1893 tonantem
1124 1829 1396 1892 fulmine
1443 1849 1714 1891 excusso
1763 1829 1950 1892 diem.

371 1921 643 1980 mortem
694 1939 951 2001 quoque
998 1919 1236 2000 ipsam,
1282 1938 1479 1998 quam
1526 1920 1715 1999 putas
1762 1921 1995 1998 tutam,
2042 1916 2224 1980 time:

371 2006 738 2070 dominatur
782 2006 917 2071 illic
963 2010 1231 2090 patruus
1269 2004 1535 2070 Alcidae
1581 2007 1697 2069 tui.

373 2115 780 2177 quocumque
826 2118 1081 2181 perges,
1127 2097 1388 2178 misera,
1435 2098 1744 2179 cognatos
1792 2094 1943 2157 deos

373 2183 509 2246 illic
554 2183 819 2246 videbis.
909 2201 1048 2248 DEI.
1096 2183 1452 2248 Maximum
1498 2184 1639 2246 fieri
1686 2184 1895 2248 scelus
2299 2200 2407 2246 330

375 2275 440 2335 et
484 2273 627 2352 ipsa
670 2271 894 2355 fateor,
942 2273 1051 2336 sed
1098 2273 1282 2336 dolor
1326 2273 1467 2336 fieri
1513 2271 1707 2336 iubet.

374 2377 534 2423 NVT.
580 2358 870 2424 Moriere.
962 2378 1102 2424 DEI.
1149 2360 1393 2424 Moriar
1438 2359 1736 2424 Herculis
1781 2382 2011 2443 nempe
2060 2358 2289 2423 incluti

375 2449 657 2512 coniunx
699 2470 820 2531 nec
864 2447 1036 2513 ullus
1083 2454 1271 2513 nocte
1319 2450 1604 2513 discussa
1652 2449 1786 2512 dies

374 2538 633 2600 viduam
679 2538 932 2602 notabit
976 2560 1094 2602 nec
1140 2559 1317 2602 meos
1365 2539 1591 2620 paelex
1636 2541 1814 2601 toros

377 2626 631 2709 captiva
678 2627 902 2710 capiet.
996 2631 1144 2691 ante
1191 2627 1269 2690 ab
1319 2647 1548 2690 occasu
1596 2627 1730 2690 dies
2303 2641 2408 2688 335

374 2718 687 2798 nascetur,
733 2713 928 2779 Indos
976 2720 1123 2779 ante
1170 2715 1462 2798 glacialis
1508 2716 1698 2797 polus

380 2802 730 2886 Scythasve
775 2804 994 2886 tepida
1038 2803 1338 2868 Phoebus
1385 2803 1628 2868 inficiet
1672 2808 1840 2888 rota,

377 2914 570 2975 quam
618 2914 719 2955 me
764 2894 1057 2957 relictam
1094 2891 1437 2955 Thessalae
1482 2893 1798 2976 aspiciant
1842 2913 2057 2954 nurus.

377 3002 519 3044 meo
567 2979 813 3066 iugales
861 2981 1171 3064 sanguine
1219 2981 1593 3065 extinguam
1638 2981 1829 3043 faces,

521 3125 617 3172 312
652 3121 843 3187 patres
880 3119 1087 3172 erimus
1124 3123 1167 3170 E
1214 3134 1378 3187 pares
1417 3134 1638 3172 eramus
1676 3123 1722 3171 A
1758 3134 1894 3172 corr.
1929 3116 2166 3188 Madvig]
2200 3117 2280 3169 II
2299 3121 2412 3171 125

378 3190 613 3259 (coimus
651 3192 716 3244 ei.
761 3191 980 3244 Gronov
1025 3189 1256 3242 ferimus
1294 3190 1447 3258 Birt)
1511 3192 1529 3258 ΙΙ
1594 3194 1689 3242 814
1726 3206 1830 3242 nec
1866 3189 2127 3241 invocata
2165 3205 2220 3242 ω
2269 3204 2407 3243 corr.

377 3262 602 3316 Richter
647 3262 762 3315 coll.
810 3264 919 3315 312
979 3263 998 3329 u
1063 3266 1156 3313 317
1195 3260 1424 3313 flamma
1459 3261 1568 3312 A(v)
1631 3262 1650 3329 u
1713 3265 1808 3312 818
1846 3259 2050 3329 Angor.
2090 3259 2150 3312 in
2187 3258 2326 3312 istos
2366 3265 2410 3311 E

378 3348 513 3387 corr.
536 3332 649 3386 Leo
680 3333 724 3385 Ι
744 3335 778 3385 3
806 3332 1102 3401 (Argorum
1124 3333 1274 3400 Birt)
1304 3332 1491 3400 Rogos
1518 3331 1579 3383 in
1607 3331 1643 3385 i.
1663 3333 1703 3384 t.
1728 3347 1772 3384 c.
1793 3347 1997 3399 parens
2017 3336 2063 3382 A
2089 3334 2108 3400 fl
2136 3336 2242 3383 320
2272 3333 2412 3384 ster-

377 3406 542 3456 netur
579 3419 759 3469 omne‚
796 3418 927 3455 nam
963 3406 1124 3457 tuum
1162 3419 1300 3472 gens
1329 3401 1627 3456 Herculem
1663 3407 1709 3453 A
1737 3404 1755 3470 ΙΙ
1784 3407 1882 3454 321
1920 3419 2018 3456 om.
2050 3407 2096 3453 A
2122 3404 2141 3470 ΙΙ
2169 3406 2276 3455 322
2314 3402 2410 3455 de-

378 3473 562 3527 fendit
599 3490 646 3527 o.
687 3479 733 3525 A
759 3476 778 3542 ΙΙ
807 3478 911 3526 326
949 3476 1139 3542 specto
1177 3474 1252 3526 N.
1284 3475 1556 3528 Heinsius
1584 3491 1642 3541 p.
1674 3477 1783 3528 440
1818 3476 1836 3542 Η
1875 3478 1980 3525 329
2017 3472 2205 3541 pergis
2243 3474 2351 3525 A(²)
2393 3473 2413 3545 Η

381 3548 485 3595 330
523 3542 610 3595 illi
651 3544 870 3597 Gronov
916 3547 934 3612 ΙΙ
980 3550 1084 3597 332
1121 3563 1239 3597 svs.
1279 3551 1321 3596 Ε
1356 3550 1363 3611 Ι
1396 3559 1599 3613 nempe
1636 3561 1735 3599 om..
1765 3550 1809 3596 E
1854 3546 1872 3612 ΙΙ
1919 3549 2023 3597 336
2060 3563 2112 3597 n.
2146 3543 2318 3611 Indis,
2358 3559 2408 3596 a.

381 3612 681 3680 glacialem
699 3613 891 3680 polum
906 3619 952 3665 A
966 3615 984 3685 Η
1004 3620 1105 3667 337
1124 3614 1336 3669 afficiet
1348 3620 1394 3666 A
1408 3616 1426 3685 Η
1446 3620 1549 3668 338
1570 3614 1876 3683 inspiciant
1890 3621 1931 3667 E
1946 3614 1965 3687 Η
1985 3620 2089 3669 339
2108 3614 2286 3683 iugali
2302 3616 2415 3667 A(v)
