2658 4117
392 253 525 318 350
1036 254 1095 307 L.
1126 253 1410 310 ANNAEI
1446 252 1771 308 SENECAE

389 422 590 463 unum
637 401 805 463 inter
852 400 1059 462 omnis
1107 400 1398 481 sequitur
1443 403 1508 462 et
1554 399 1806 481 quaerit
1847 398 2110 463 Lichan,

388 489 763 569 complexus
810 509 949 551 aras
996 489 1106 551 ille
1150 488 1557 551 tremibunda
1602 509 1797 550 manu
2318 505 2436 553 810

387 580 662 639 mortem
710 581 885 639 metu
933 577 1333 659 consumpsit
1379 580 1443 639 et
1489 597 1757 659 parvum
1806 577 1904 639 sui

385 686 630 746 poenae
676 665 953 746 reliquit.
1047 664 1325 747 dumque
1372 664 1828 728 moribundum
1875 687 2071 727 manu

387 754 598 817 tenuit
644 753 934 816 cadaver:
983 752 1128 816 ‘hac
1174 775 1396 836 manu,
1440 752 1587 817 hac'
1634 753 1846 835 inquit
1894 752 2102 836 ‘seran

388 862 425 904 o
473 842 636 923 fata,
683 842 934 906 victus?
979 841 1323 905 Herculem
1372 842 1528 905 vicit
1572 839 1848 906 Lichas?

384 949 528 993 ecce
574 931 699 993 alia
747 930 985 995 clades:
1031 929 1343 994 Hercules
1390 930 1651 1012 perimit
1693 928 1958 995 Lichan.
2310 947 2420 995 815

381 1017 552 1082 facta
598 1020 1038 1102 inquinentur:
1085 1019 1201 1082 fiat
1246 1018 1354 1084 hic
1399 1040 1687 1082 summus
1733 1018 1957 1082 labor.’

385 1107 453 1170 in
499 1111 670 1171 astra
717 1108 950 1171 missus
994 1107 1200 1171 fertur
1244 1112 1309 1171 et
1355 1107 1556 1171 nubes
1603 1128 1767 1191 vago

382 1197 629 1279 spargit
674 1217 923 1279 cruore:
968 1197 1117 1259 talis
1164 1197 1232 1258 in
1278 1196 1526 1259 caelum
1573 1196 1757 1259 exilit

379 1282 668 1348 harundo
718 1282 941 1348 Getica
985 1285 1122 1348 visa
1168 1284 1410 1347 dimitti
1456 1306 1651 1347 manu

378 1376 492 1435 aut
537 1393 729 1454 quam
779 1369 1003 1456 Cydon
1049 1374 1357 1436 excussit:
1403 1373 1670 1436 inferius
1716 1376 1933 1435 tamen
2303 1389 2412 1436 820

378 1465 442 1524 et
486 1462 615 1523 tela
659 1461 928 1545 fugient.
1018 1465 1283 1525 truncus
1329 1462 1399 1524 in
1443 1465 1716 1543 pontum
1765 1460 1961 1542 cadit,

376 1549 445 1612 in
491 1570 644 1612 saxa
688 1553 937 1613 vertex:
983 1571 1149 1613 unus
1197 1549 1508 1613 ambobus
1554 1549 1735 1613 iacet.

377 1637 701 1701 ‘resistite’
749 1638 962 1719 inquit
1007 1637 1163 1701 ‘non
1206 1639 1388 1701 furor
1432 1642 1728 1701 mentem·
1759 1637 2055 1720 abstulit,

373 1726 587 1789 furore
634 1727 893 1809 gravius
939 1727 1112 1789 istud
1156 1730 1351 1809 atque
1397 1727 1492 1789 ira
1537 1727 1777 1790 malum
1826 1729 1948 1789 est:

374 1815 442 1877 in
488 1836 590 1877 me
636 1815 814 1878 iuvat
861 1814 1142 1879 saevire?
1235 1816 1346 1879 vix
1391 1819 1635 1898 pestem
1683 1813 1925 1878 indicat
2298 1831 2415 1880 826

373 1907 437 1966 et
483 1904 710 1966 saevit:
757 1907 932 1967 artus
979 1904 1116 1986 ipse
1162 1905 1465 1968 dilacerat
1512 1924 1661 1966 suos

373 1995 439 2054 et
483 1992 771 2055 membra
815 1996 996 2055 vasta
1043 1994 1248 2075 carpit
1292 1993 1575 2056 avellens
1621 2013 1832 2055 manu.

371 2102 601 2143 exuere
647 2082 920 2145 amictus
968 2082 1241 2163 quaerit:
1288 2081 1414 2144 hoc
1460 2083 1668 2144 solum
1714 2079 2055 2144 Herculem

369 2190 500 2232 non
545 2190 733 2251 posse
779 2170 937 2253 vidi3
983 2169 1235 2233 trahere
1282 2173 1548 2233 conatus
1593 2174 1810 2233 tamen

368 2260 432 2320 et
478 2258 765 2321 membra
810 2259 1034 2322 traxit:
1084 2260 1373 2342 corporis
1419 2258 1592 2341 palla
1635 2257 1881 2321 horridi
2293 2273 2404 2321 880

367 2366 515 2427 pars
562 2349 659 2408 est
704 2350 766 2409 et
813 2347 980 2429 ipsa:
1025 2348 1223 2429 pestis
1269 2347 1588 2410 immiscet
1635 2347 1783 2410 cuti.

366 2454 484 2496 nec
530 2454 720 2497 causa
766 2434 940 2498 dirae
986 2435 1183 2499 cladis
1230 2436 1299 2498 in
1344 2436 1555 2498 medio
1603 2438 1806 2517 patet,

366 2521 477 2585 sed
524 2543 714 2585 causa
759 2526 973 2586 tamen
1019 2528 1142 2607 est3
1188 2525 1427 2606 vixque
1474 2523 1799 2587 sufficiens
1845 2523 2015 2584 malo

364 2632 535 2674 nunc
583 2631 692 2673 ore
738 2615 967 2675 terram
1018 2613 1362 2695 languidus
1408 2633 1613 2694 prono
1659 2611 1919 2694 premit,

507 2823 610 2869 809
648 2835 837 2873 omnes
874 2825 919 2871 A
952 2823 959 2889 Ι
993 2820 1215 2888 quaerit
1256 2823 1313 2874 et
1360 2820 1614 2888 sequitur
1646 2825 1691 2871 A
1722 2821 1731 2888 1
1763 2818 1933 2872 licam
1962 2824 2008 2871 A
2044 2818 2271 2886 lycham
2303 2825 2346 2871 Ε
2392 2822 2396 2868 Ι

363 2894 465 2941 811.
490 2893 586 2940 812
612 2891 833 2944 omissos
858 2893 925 2944 in·
948 2893 1195 2961 maryi‘ne
1222 2892 1580 2959 supplevitE¹
1606 2897 1670 2944 ut
1693 2907 1741 2944 v.
1764 2893 1878 2943 588
1905 2892 1924 2959 ΙΙ
1952 2894 2041 2940 811
2067 2905 2271 2957 parum
2301 2895 2347 2942 A
2376 2891 2396 2961 Η

362 2964 460 3011 812
494 2959 914 3014 tremibundum
950 2979 1011 3015 ω
1052 2978 1188 3016 corr.
1228 2963 1462 3031 Bentley
1493 2963 1503 3033 Ι
1546 2964 1701 3015 metu
1746 2961 1946 3029 Peiper
1996 2960 2394 3014 semianimum

359 3045 562 3098 parens
600 3032 665 3084 ci.
697 3032 810 3085 Leo
838 3034 856 3101 ΙΙ
885 3037 981 3084 818
1019 3047 1085 3085 ac
1120 3050 1192 3086 m.
1234 3049 1301 3086 ac
1338 3038 1381 3084 E
1417 3032 1525 3086 hac
1561 3048 1732 3085 manu
1769 3031 1955 3098 inquit
1990 3032 2048 3084 te
2084 3030 2262 3083 feram
2300 3036 2346 3083 A
2375 3035 2395 3100 η

361 3105 457 3152 814
492 3100 712 3155 vinctus
739 3108 783 3153 Β.
815 3105 824 3171 Ι
857 3103 992 3156 vicit
1027 3103 1222 3171 lychas
1259 3109 1301 3155 E
1340 3103 1581 3171 peremit
1613 3105 1737 3170 (sic)
1768 3102 1906 3155 licas
1934 3106 1979 3152 A
2005 3103 2025 3169 ΙΙ
2054 3105 2148 3153 816
2187 3100 2390 3156 cladis,

356 3170 613 3224 Herculis
641 3173 880 3240 peremit
906 3180 949 3226 Ε
976 3176 995 3242 ΙΙ
1024 3178 1120 3226 816
1151 3174 1274 3227 fata
1300 3173 1681 3240 inquinantur.
1738 3173 1835 3226 fiet
1861 3177 1906 3223 A
1933 3175 1951 3242 ΙΙ
1980 3177 2076 3223 819
2102 3171 2259 3224 iussa
2288 3178 2392 3226 EA

356 3257 491 3295 corr.
524 3260 566 3294 α
594 3243 613 3309 ΙΙ
641 3248 738 3296 821
765 3243 1019 3313 fugiente
1046 3246 1244 3297 trunco
1273 3261 1475 3313 corpus
1503 3244 1539 3297 1.
1569 3263 1623 3313 p.
1655 3260 1700 3297 c.
1729 3248 1774 3294 A
1802 3246 1820 3312 ΙΙ
1849 3248 1954 3296 822
1982 3243 2017 3296 1.
2050 3260 2089 3296 s.
2120 3258 2314 3296 versus
2344 3249 2390 3296 Ε

356 3310 390 3363 1.
425 3328 464 3363 s.
506 3313 689 3365 cervix
725 3319 770 3365 A
807 3332 945 3368 corr.
978 3315 1199 3369 Gronov
1231 3318 1238 3383 Ι
1269 3314 1440 3367 funus
1477 3333 1532 3369 ω
1570 3331 1705 3369 corr.
1735 3315 1809 3367 N.
1840 3314 2111 3367 Heinsius
2139 3330 2198 3381 p.
2230 3317 2342 3367 404
2371 3317 2391 3386 ΙΙ

360 3385 460 3432 827
502 3383 656 3449 capit
691 3389 733 3435 Ε
797 3387 816 3452 η
881 3390 984 3437 828
1023 3400 1250 3439 exsuere
1288 3391 1331 3437 Ε
1395 3388 1414 3454 ΙΙ
1478 3390 1575 3438 881
1609 3401 1808 3454 parum
1846 3386 1933 3437 est
1968 3386 2026 3437 et
2061 3384 2248 3452 ipsam
2285 3389 2331 3436 Ε
2376 3388 2383 3445 Ι

354 3450 529 3502 uestis
568 3470 622 3504 ω
669 3471 803 3508 corr.
844 3455 958 3509 Leo
1007 3458 1014 3523 Ι
1064 3456 1345 3510 immiscet
1392 3459 1578 3510 cutem
1623 3472 1679 3509 ω
1725 3472 1862 3508 corr.
1903 3455 2125 3509 Richter
2165 3454 2222 3522 (i.
2264 3456 2385 3508 cuti

354 3520 487 3638 {55:513¹³
500 3523 732 3638 Ἧιῑῑαηι,
777 3525 946 3577 vestis
993 3526 1254 3581 increscit
1298 3527 1415 3580 cuti
1452 3528 1518 3581 de
1556 3526 1934 3592 Wlamowitz)
1987 3527 2007 3593 ΙΙ
2062 3529 2167 3577 884
2202 3541 2386 3593 prono

380 3602 460 3638 en
