2658 4117
403 253 489 318 94
1045 254 1104 307 L.
1136 253 1417 307 ANNAEI
1455 253 1782 308 SENECAE

402 396 561 462 Inoa
605 421 797 483 rupes
807 450 825 483 ‚
873 421 999 483 qua
1044 400 1249 464 scelus
1293 399 1549 484 fugiens
1595 422 1832 464 novum

402 508 767 572 novumque
810 488 1052 553 faciens
1096 493 1301 553 mater
1346 489 1598 552 insiluit
1640 490 1807 554 freto

402 598 688 641 mersura
731 581 957 641 natum
1003 599 1197 661 seque
1240 615 1331 624 -
1374 576 1592 642 felices
1639 578 1872 661 quibus
2350 599 2417 648 25

399 666 661 730 fortuna
705 666 934 732 melior
977 671 1110 730 tam
1156 667 1359 730 bonas
1403 670 1640 731 matres
1687 667 1876 732 dedit.

401 758 498 819 est
541 755 705 818 alius
752 756 895 819 istis
941 760 1159 819 noster
1204 756 1273 820 in
1318 755 1497 820 silvis
1543 756 1749 840 locus,

400 843 514 926 qui
556 865 661 907 me
705 844 1012 928 reposcit,
1058 844 1231 909 hunc
1273 848 1490 928 petam
1536 866 1724 910 cursu
1770 847 1996 931 incit03

398 954 532 996 non
575 931 921 998 haesitabit
967 955 1250 1020 gressus,
1295 933 1424 998 huc
1471 934 1646 997 omni
1693 935 1850 999 duce

399 1020 712 1105 spoliatus
758 1022 883 1086 ibo.
976 1022 1132 1106 quid
1175 1043 1395 1088 moror
1441 1024 1619 1087 sedes
1664 1024 1884 1088 meas?
2346 1043 2415 1092 30

396 1114 698 1193 mortem,
745 1109 1116 1195 Cithaeron,
1161 1111 1354 1176 redde
1399 1116 1465 1176 et
1508 1110 1865 1196 hospitium
1911 1114 2073 1177 mihi

396 1198 558 1262 illud
602 1222 815 1263 meum
861 1202 1154 1284 restitue,
1200 1203 1275 1262 ut
1320 1201 1603 1283 expirem
1651 1223 1843 1266 senex

395 1287 510 1351 ubi
556 1288 747 1352 debui
792 1289 1020 1353 infans.
1111 1289 1324 1372 recipe
1372 1288 1758 1373 supplicium
1805 1294 2004 1355 vetus.

396 1398 646 1460 semper
692 1381 951 1441 cruente
998 1399 1181 1442 saeve
1229 1377 1504 1442 crudelis
1550 1378 1758 1462 ferox,

394 1485 541 1528 cum
588 1466 823 1530 occidis
870 1470 935 1530 et
980 1488 1125 1531 cum
1170 1467 1410 1551 parcis,
1461 1466 1615 1530 olim
1662 1466 1788 1531 iam
1835 1471 2018 1531 tuum
2341 1487 2410 1535 35

395 1558 493 1619 est
535 1553 660 1618 hoc
706 1555 995 1621 cadaver:
1043 1577 1274 1641 perage
1320 1555 1693 1620 mandatum
1739 1557 1967 1642 patriS,

394 1643 520 1706 iam
569 1647 635 1708 et
679 1645 918 1709 matris.
1011 1645 1261 1708 animus
1311 1645 1508 1730 gestit
1553 1645 1818 1729 antiqua
1863 1648 2126 1730 exsequi

393 1732 723 1816 supplicia.
816 1734 971 1817 quid
1015 1755 1144 1817 me,
1187 1737 1366 1818 nata,
1413 1734 1716 1817 pestifero
1762 1739 1940 1799 tenes

392 1842 607 1887 amore
652 1822 987 1888 vinctum?
1033 1823 1189 1906 quid
1234 1824 1458 1887 tenes?
1505 1823 1759 1909 genitor
1802 1827 2006 1888 vocat.

391 1931 640 1993 sequor,
686 1933 936 1995 sequor,
981 1913 1109 1975 iam
1155 1934 1362 1995 parce.
1455 1913 1875 1998 sanguineum
1921 1935 2146 1998 gerens
2339 1932 2408 1981 40

391 1999 641 2084 insigne
686 2002 870 2085 regni
914 1999 1107 2065 Laius
1152 2002 1322 2085 rapti
1366 2002 1551 2087 furit3

392 2109 470 2151 en
516 2109 687 2172 ecce,
733 2090 953 2154 inanes
1000 2091 1295 2154 manibus
1343 2092 1593 2155 infestis
1641 2092 1807 2174 petit

387 2176 680 2260 foditque
725 2180 957 2243 vultus.
1048 2182 1225 2263 nata,
1271 2180 1628 2265 genitorem
1676 2181 1894 2244 vides?

389 2286 509 2350 ego
554 2266 758 2331 video,
850 2267 1109 2331 tandem
1155 2268 1454 2351 spiritum
1500 2270 1833 2333 inimicum
1881 2292 2114 2355 expne,

388 2354 672 2418 desertor
716 2356 952 2440 anime,
997 2357 1184 2421 fortis
1230 2358 1298 2420 in
1345 2362 1592 2441 partem
1640 2359 1752 2422 tui.
2333 2376 2400 2424 45

388 2444 615 2507 omitte
661 2465 901 2528 poenae
949 2445 1286 2530 languidas
1332 2448 1563 2532 longae
1609 2468 1820 2511 moras

386 2534 786 2617 mortemque
834 2538 1037 2598 totam
1085 2534 1379 2621 admitte3
1425 2536 1579 2619 quid
1625 2537 1839 2622 segnis
1885 2536 2071 2600 traho

387 2621 560 2703 quod
604 2622 797 2686 vivo?
840 2623 1091 2687 nullum
1134 2624 1344 2688 facere
1389 2624 1516 2688 iam
1565 2646 1827 2708 possum
1875 2626 2124 2689 scelus?

384 2731 648 2794 possum
695 2712 905 2796 miser,
949 2712 1246 2796 praedico
1294 2752 1378 2760 —
1428 2714 1677 2778 discede
1722 2737 1760 2779 a
1803 2718 2010 2798 patre,

386 2799 664 2883 discede,
708 2800 907 2885 virgo.
1000 2802 1196 2866 timeo
1242 2807 1396 2886 post
1430 2808 1699 2868 matrem
1748 2805 1977 2868 omnia.
2334 2821 2402 2869 50

382 2906 540 2952 ANT.
587 2888 707 2953 Vis
751 2890 961 2972 nulla,
1009 2892 1278 2975 genitor,
1326 2913 1364 2954 a
1406 2895 1521 2955 tuo
1568 2896 1853 2956 nostram
1900 2914 2159 2956 manum

384 2998 650 3062 corpore
694 2979 999 3063 resolvet,
1044 3000 1232 3043 nemo
1279 3002 1382 3043 me
1430 2982 1729 3045 comitem
1775 2981 1898 3044 tibi

384 3066 613 3150 eripiet
658 3089 979 3150 umquam.
1070 3067 1352 3133 Labdaci
1404 3070 1640 3132 claram
1689 3069 1974 3155 domum,

524 3262 592 3310 23
629 3258 839 3327 Inoque
875 3275 1109 3329 preceps
1138 3263 1183 3312 A
1227 3260 1412 3315 Minor
1446 3261 1602 3330 rupis
1629 3267 1672 3314 E
1714 3278 1848 3318 corr.
1878 3262 2103 3331 Gronov
2134 3266 2142 3332 Ι
2175 3262 2400 3333 fugiens

382 3345 541 3381 suum
571 3346 627 3382 ω
663 3346 797 3385 corr.
828 3331 1025 3399 Peiper
1049 3333 1068 3399 ΙΙ
1096 3336 1159 3384 31
1193 3334 1440 3386 montem
1469 3339 1514 3385 A
1552 3335 1758 3387 sortem
1784 3334 1860 3388 N.
1886 3334 2157 3388 Heinsius
2185 3349 2243 3403 p.
2275 3339 2347 3389 45
2383 3338 2401 3404 ΙΙ

382 3403 452 3451 40
482 3400 812 3468 sanguinem
839 3418 1015 3471 genus
1044 3407 1117 3453 At
1152 3405 1170 3472 ΙΙ
1197 3408 1268 3455 42
1297 3406 1355 3457 et
1383 3420 1511 3458 ecce
1538 3409 1583 3455 A
1611 3408 1629 3474 ΙΙ
1655 3409 1726 3457 44
1753 3422 1870 3459 Am.
1902 3421 2005 3475 ego
2025 3409 2070 3458 A
2101 3408 2109 3474 Ι
2143 3422 2282 3459 exue
2310 3411 2355 3457 A
2383 3409 2401 3475 n

380 3474 448 3522 45
489 3489 609 3523 om).
642 3474 821 3540 praef.
852 3478 897 3524 A
929 3476 937 3542 Ι
971 3474 1022 3526 d.
1063 3473 1285 3527 animae
1321 3474 1360 3529 f.
1399 3475 1753 3544 inparentem
1790 3477 1877 3530 tui
1913 3483 1955 3529 Ε
2010 3479 2028 3545 ΙΙ
2081 3481 2152 3529 46
2188 3493 2399 3546 poenas

379 3540 415 3594 1.
446 3539 482 3593 1.
513 3558 701 3597 morae
737 3561 792 3597 ω
837 3560 971 3598 corr.
1007 3546 1172 3600 Grote
1224 3548 1243 3614 ΙΙ
1296 3551 1363 3599 47
1403 3565 1474 3601 m.
1512 3550 1554 3602 t.
1587 3547 1774 3616 recipe
1814 3552 1859 3598 A
1903 3566 1974 3600 m.
2004 3551 2044 3601 t.
2075 3548 2260 3617 recipe
2300 3548 2400 3601 ad—

380 3611 543 3666 mitte
580 3619 622 3665 E
650 3615 668 3683 ΙΙ
694 3619 761 3666 48
801 3614 938 3682 quid
974 3633 1030 3669 ω
1067 3632 1203 3671 corr.
1238 3617 1457 3673 Gronov
1483 3620 1502 3689 ΙΙ
1531 3625 1599 3672 52
1638 3619 1896 3673 comitem
1934 3618 2020 3673 tui
2056 3624 2101 3670 A
