2658 4117
342 259 471 313 XIV
1150 258 1559 313 PRAEFATIO

345 411 738 469 Trevethiano
794 407 946 466 nihil
1009 411 1243 468 constat
1296 409 1395 467 vel
1450 410 1630 467 ceteri
1682 412 1885 469 contra
1931 430 1961 467 τ
2008 411 2365 485 conspirant.

344 500 595 558 Restant
630 498 911 556 lectiones
949 497 1242 574 quaedam
1277 499 1538 556 incertae
1578 499 1843 575 originis,
1880 497 2092 572 quibus
2127 498 2367 573 quidem

346 589 497 647 vitia
546 588 740 663 priore
788 605 933 645 aevo
972 588 1279 645 contracta
1322 588 1421 646 vel
1467 587 1705 646 sublata
1747 587 1842 645 vel
1886 586 2185 662 probabili
2231 607 2365 647 con-

342 679 572 735 iectura
630 677 866 733 tentata
932 674 1263 734 videantur.
1367 675 1485 733 Eas
1540 687 1593 750 ψ
1656 676 1861 735 littera
1923 677 2144 735 notavi.
2236 675 2366 735 Hac

340 766 573 823 ratione
632 763 902 823 adhibita
963 782 1083 822 non
1147 782 1376 840 paucae
1430 764 1709 823 lectiones
1771 766 1835 823 in
1891 763 2188 823 codicibus
2242 768 2365 824 tra-

343 853 504 912 ditae
549 854 767 911 rectius
813 853 923 910 hac
962 851 1219 911 editione
1257 872 1437 928 quam
1485 855 1660 912 antea
1695 854 1895 929 potuit
1929 852 2057 912 fieri
2095 853 2364 931 designa·

342 946 440 1001 tae
486 943 638 1000 sunt.

477 1029 779 1099 Quantum
824 1030 1061 1105 uti-lque
1106 1030 1434 1089 recensioni
1485 1030 1667 1106 pretii
1722 1032 1782 1088 et
1836 1032 2209 1090 auctoritatis
2255 1031 2363 1089 tri-

341 1119 642 1179 buendum
680 1119 776 1192 sit,
810 1137 884 1176 ne
919 1118 1096 1177 hodie
1133 1119 1372 1194 quidem
1407 1121 1566 1178 inter
1600 1120 1759 1178 viros
1797 1118 2001 1178 doctos
2048 1121 2190 1178 satis
2229 1137 2362 1178 con-

344 1211 482 1268 stat.
573 1207 731 1265 Nam
779 1206 891 1265 hoc
946 1208 1059 1265 etsi
1112 1226 1284 1266 nemo
1336 1207 1601 1282 dubitat,
1648 1209 1792 1283 quin
1848 1207 2028 1267 codex
2080 1207 2364 1267 Etruscus

342 1316 450 1374 pro
495 1298 781 1373 primario
826 1297 1023 1354 textus
1060 1296 1460 1355 constituendi
1494 1297 1879 1356 fundamento
1924 1296 2227 1356 habendus
2266 1297 2364 1371 sit,

343 1387 609 1445 diversae
671 1387 873 1443 tamen
937 1384 1006 1443 de
1071 1384 1315 1444 alterius
1383 1387 1739 1446 auctoritate
1803 1387 2131 1444 sententiae
2189 1384 2364 1444 hodie

344 1493 579 1550 quoque
624 1474 910 1532 feruntur.
988 1473 1077 1531 Ac
1122 1491 1229 1532 nos
1276 1473 1515 1548 quidem
1561 1493 1694 1533 cum
1738 1476 1802 1532 in
1847 1474 2219 1549 praefatione
2264 1493 2365 1533 ve-

341 1565 487 1622 teris
533 1562 811 1622 editionis
850 1554 932 1642 (p.
953 1554 1155 1643 XVII)
1198 1564 1283 1621 sic
1320 1554 1746 1637 statuissemus,
1786 1557 1803 1585 ‘
1817 1563 2087 1638 quamvis
2133 1580 2366 1621 summa

343 1654 497 1712 esset
541 1650 679 1709 libri
725 1651 963 1709 Etrusci
1000 1653 1346 1726 auctoritaS,
1391 1653 1592 1711 tamen
1639 1669 1737 1710 eos
1782 1653 2158 1711 vehementer
2203 1671 2363 1711 erra—

341 1744 507 1800 turos
563 1758 714 1814 esse‚
770 1740 822 1799 si
876 1741 980 1815 qui
1036 1742 1224 1799 careri
1276 1758 1448 1816 posse
1501 1741 1852 1817 interpolati
1905 1742 2135 1818 generis
2193 1740 2365 1799 libris

343 1830 628 1889 auderent
673 1828 969 1888 affirmare
982 1823 1002 1851 '
1005 1874 1020 1903 ,
1065 1829 1129 1886 F.
1167 1827 1298 1888 Lno
1340 1821 1415 1909 (I,
1444 1821 1513 1910 4)
1565 1825 1668 1888 ‘ne
1712 1831 1776 1887 in
1815 1832 1898 1888 eis
1937 1829 2175 1904 quidem
2212 1848 2364 1904 quae

343 1921 618 1993 corrupte
671 1918 956 1976 Etruscus
1010 1917 1317 1994 praebeat,
1374 1917 1561 1976 ullam
1606 1937 1731 1978 esse
1777 1919 2044 1995 vulgaris
2089 1918 2362 1977 lectionis

343 2001 793 2068 auctoritatem'
839 2006 1159 2067 contendit.
1253 2005 1370 2067 Sed
1425 2008 1551 2085 ipse
1606 2025 1804 2067 secum
1859 2009 2088 2085 pugnat
2131 2007 2195 2065 in
2237 2009 2362 2066 tra—

343 2096 687 2175 goediarum
724 2096 984 2155 editione
1018 2096 1246 2155 mendis
1283 2096 1672 2155 Laurentiani
1717 2096 1858 2155 libri
1903 2098 2178 2156 sescentis
2215 2097 2364 2155 locis

341 2185 837 2262 interpolatorum
859 2184 1142 2245 librorum
1174 2205 1284 2261 ope
1312 2184 1580 2245 sublatis.
1617 2186 1743 2244 Nec
1762 2185 2015 2260 defuere,
2037 2186 2139 2262 qui
2157 2204 2365 2260 parem

343 2276 581 2350 utrique
616 2275 942 2333 recensioni
980 2274 1402 2333 auctoritatem
1437 2274 1856 2333 vindicandam
1883 2292 2006 2333 esse
2043 2277 2363 2333 censerent.

346 2361 455 2422 Oui
501 2364 828 2422 sententiae
873 2362 1183 2439 Peiperum
1220 2364 1439 2422 favisse
1477 2365 1602 2423 eius
1639 2363 1832 2422 verbis
1870 2364 1934 2421 in
1971 2362 2205 2422 exordio
2243 2362 2364 2421 dis-

341 2454 670 2528 putationis
716 2454 1077 2511 memoratae
1124 2455 1389 2528 apparet.
1481 2452 1704 2511 Verum
1748 2454 1811 2509 in
1855 2451 2050 2511 medio
2096 2470 2221 2511 esse
2256 2470 2365 2528 po-

347 2544 528 2601 situm
567 2560 674 2618 ego
714 2540 951 2617 quidem
987 2541 1051 2598 in
1081 2540 1367 2617 Symbola
1392 2540 1433 2599 J
1435 2543 1634 2601 enensi
1671 2541 2087 2600 demonstravi.
2133 2540 2365 2616 Nempe

343 2649 477 2689 cum
530 2629 892 2706 interpolata
946 2631 1207 2689 recensio
1271 2632 1366 2689 tot
1418 2630 1563 2690 locis
1617 2649 1726 2708 pro
1785 2633 2066 2705 corrupta
2124 2629 2367 2688 Etrusci

343 2720 594 2780 lectione
639 2721 1044 2795 incorruptam
1089 2719 1375 2794 praebeat
1411 2722 1472 2778 et
1517 2719 1591 2779 ab
1626 2721 1756 2795 ipso
1804 2718 2000 2778 Leone
2044 2721 2364 2794 receptam,

341 2829 461 2869 non
504 2808 672 2867 nulla
706 2811 966 2868 veterem
1000 2808 1489 2884 interpolatorem
1526 2827 1679 2884 quae
1723 2810 1788 2866 in
1834 2808 2155 2883 archetypo
2192 2810 2368 2866 erant

343 2901 403 2956 et
447 2899 658 2976 legisse
704 2899 766 2956 et
809 2896 1183 2973 descripsisse
1228 2899 1447 2956 rectius
1492 2899 1557 2955 in
1600 2897 1919 2974 propatulo
1966 2899 2072 2956 est.

473 2986 630 3045 Huic
665 2989 755 3045 rei
782 2986 1129 3046 documento
1169 2989 1308 3046 sunt
1335 2986 1483 3045 folia
1509 2986 1618 3046 illa
1642 2988 1932 3062 rescripta
1970 2985 2188 3045 codicis
2215 2984 2366 3042 Am-

341 3074 606 3135 brosiani
635 3066 763 3156 (R),
796 3075 868 3134 de
898 3093 1148 3150 quorum
1177 3077 1533 3134 auctoritate
1560 3079 1631 3135 ut
1657 3077 1895 3135 omnino
1923 3077 2081 3134 recte
2108 3074 2368 3133 iudicari

340 3167 541 3240 posset
576 3162 883 3223 Gumnmn
920 3163 1331 3224 STUDEMUNDI
1366 3164 1568 3225 labore
1613 3168 1675 3223 et
1710 3183 1853 3224 cura
1888 3154 2222 3244 contigit.*)
2280 3163 2368 3221 Et

343 3253 502 3327 quod
546 3254 674 3328 ipse
721 3255 952 3329 statuit,
987 3254 1248 3314 codicem
1282 3256 1637 3330 rescriptum
1683 3273 1751 3311 ex
1790 3253 1994 3313 eodem
2040 3252 2367 3327 archetypo

344 3341 677 3401 derivatum
722 3360 847 3401 esse
893 3342 1047 3401 unde
1094 3343 1143 3401 E
1189 3343 1446 3420 fluxerit,
1489 3343 1554 3401 id
1597 3362 1800 3402 verum
1848 3360 1971 3401 esse
2007 3341 2138 3401 loco
2175 3340 2368 3400 allato

484 3546 531 3617 ¹⁸¹)
576 3545 660 3600 De
701 3546 943 3601 Senecae
978 3547 1399 3617 tragoediarum
1434 3546 1766 3617 fragmentis
1803 3545 2088 3615 rescriptis
2126 3546 2372 3600 Ambro-

344 3617 516 3671 sianis
555 3617 781 3687 scripsit
817 3615 1125 3671 Guilelmus
1165 3617 1530 3673 Studemund.
1603 3617 1715 3672 Leo
1742 3617 1811 3686 H,
1839 3636 1892 3687 p.
1921 3616 2179 3685 XIIIsqq.
