<?xml version="1.0" encoding="UTF-8"?>
<!DOCTYPE html PUBLIC "-//W3C//DTD XHTML 1.0 Transitional//EN"
    "http://www.w3.org/TR/xhtml1/DTD/xhtml1-transitional.dtd">
<html xmlns="http://www.w3.org/1999/xhtml" xml:lang="en" lang="en">
 <head>
  <title>
</title>
<meta http-equiv="Content-Type" content="text/html;charset=utf-8" />
  <meta name='ocr-system' content='tesseract 3.04.00' />
  <meta name='ocr-capabilities' content='ocr_page ocr_carea ocr_par ocr_line ocrx_word'/>
</head>
<body>
  <div class='ocr_page' id='page_1' title='image "./senecaetragoedi00senegoog_0334.png"; bbox 0 0 2658 4117; ppageno 0'>
   <div class='ocr_carea' id='block_1_1' title="bbox 350 227 1736 292">
    <p class='ocr_par' dir='ltr' id='par_1_1' title="bbox 350 227 1736 292">
     <span class='ocr_line' id='line_1_1' title="bbox 350 227 1736 292; baseline -0.007 0"><span class='ocrx_word' id='word_1_1' title='bbox 350 228 480 292; x_wconf 79' lang='grc'>282</span> <span class='ocrx_word' id='word_1_2' title='bbox 1000 229 1059 282; x_wconf 88' lang='lat' dir='ltr'>L.</span> <span class='ocrx_word' id='word_1_3' title='bbox 1089 228 1373 281; x_wconf 85' lang='lat' dir='ltr'>ANNAEI</span> <span class='ocrx_word' id='word_1_4' title='bbox 1409 227 1736 283; x_wconf 86' lang='lat' dir='ltr'>SENECAE</span> 
     </span>
    </p>
   </div>
   <div class='ocr_carea' id='block_1_2' title="bbox 327 373 2379 3294">
    <p class='ocr_par' dir='ltr' id='par_1_2' title="bbox 327 373 2379 3294">
     <span class='ocr_line' id='line_1_2' title="bbox 345 373 1636 459; baseline -0.001 -22"><span class='ocrx_word' id='word_1_5' title='bbox 345 373 610 459; x_wconf 82' lang='lat' dir='ltr'>regione</span> <span class='ocrx_word' id='word_1_6' title='bbox 657 373 964 456; x_wconf 90' lang='lat' dir='ltr'>quicquid</span> <span class='ocrx_word' id='word_1_7' title='bbox 1009 373 1210 457; x_wconf 89' lang='lat' dir='ltr'>impia</span> <span class='ocrx_word' id='word_1_8' title='bbox 1256 377 1462 437; x_wconf 89' lang='lat' dir='ltr'>cessat</span> <span class='ocrx_word' id='word_1_9' title='bbox 1506 374 1636 438; x_wconf 92' lang='lat' dir='ltr'>loci</span> 
     </span>
     <span class='ocr_line' id='line_1_3' title="bbox 348 462 2019 545; baseline 0.001 -20"><span class='ocrx_word' id='word_1_10' title='bbox 348 462 686 545; x_wconf 78' lang='lat' dir='ltr'>complebo</span> <span class='ocrx_word' id='word_1_11' title='bbox 725 500 813 507; x_wconf 97' lang='lat'>—</span> <span class='ocrx_word' id='word_1_12' title='bbox 850 483 1201 544; x_wconf 85' lang='lat' dir='ltr'><strong>numquam</strong></span> <span class='ocrx_word' id='word_1_13' title='bbox 1249 465 1458 526; x_wconf 91' lang='lat' dir='ltr'>stante</span> <span class='ocrx_word' id='word_1_14' title='bbox 1502 462 1784 545; x_wconf 84' lang='lat' dir='ltr'>Pelopea</span> <span class='ocrx_word' id='word_1_15' title='bbox 1829 463 2019 526; x_wconf 91' lang='lat' dir='ltr'>domo</span> 
     </span>
     <span class='ocr_line' id='line_1_4' title="bbox 348 549 882 614; baseline -0.002 0"><span class='ocrx_word' id='word_1_16' title='bbox 348 549 561 614; x_wconf 88' lang='lat' dir='ltr'>Minos</span> <span class='ocrx_word' id='word_1_17' title='bbox 612 551 882 614; x_wconf 85' lang='lat' dir='ltr'>vacabit.</span> 
     </span>
     <span class='ocr_line' id='line_1_5' title="bbox 753 637 1630 723; baseline 0.001 -22"><span class='ocrx_word' id='word_1_18' title='bbox 753 656 908 701; x_wconf 81' lang='lat' dir='ltr'><strong>FVR.</strong></span> <span class='ocrx_word' id='word_1_19' title='bbox 955 637 1187 723; x_wconf 83' lang='lat' dir='ltr'>Perge,</span> <span class='ocrx_word' id='word_1_20' title='bbox 1234 638 1630 703; x_wconf 85' lang='lat' dir='ltr'>detestabilis</span> 
     </span>
     <span class='ocr_line' id='line_1_6' title="bbox 346 727 1716 811; baseline 0 -21"><span class='ocrx_word' id='word_1_21' title='bbox 346 727 602 809; x_wconf 90' lang='lat' dir='ltr'>umbra,</span> <span class='ocrx_word' id='word_1_22' title='bbox 649 730 712 790; x_wconf 91' lang='lat' dir='ltr'>et</span> <span class='ocrx_word' id='word_1_23' title='bbox 758 730 1021 811; x_wconf 90' lang='lat' dir='ltr'>penates</span> <span class='ocrx_word' id='word_1_24' title='bbox 1068 728 1303 811; x_wconf 89' lang='lat' dir='ltr'>impios</span> <span class='ocrx_word' id='word_1_25' title='bbox 1349 728 1535 791; x_wconf 85' lang='lat' dir='ltr'>furiis</span> <span class='ocrx_word' id='word_1_26' title='bbox 1583 747 1716 811; x_wconf 86' lang='lat' dir='ltr'>age.</span> 
     </span>
     <span class='ocr_line' id='line_1_7' title="bbox 349 816 2379 899; baseline 0 -19"><span class='ocrx_word' id='word_1_27' title='bbox 349 819 627 880; x_wconf 87' lang='lat' dir='ltr'>certetur</span> <span class='ocrx_word' id='word_1_28' title='bbox 672 817 849 879; x_wconf 91' lang='lat' dir='ltr'>omni</span> <span class='ocrx_word' id='word_1_29' title='bbox 896 817 1130 880; x_wconf 92' lang='lat' dir='ltr'>scelere</span> <span class='ocrx_word' id='word_1_30' title='bbox 1177 820 1241 880; x_wconf 92' lang='lat' dir='ltr'>et</span> <span class='ocrx_word' id='word_1_31' title='bbox 1287 817 1533 880; x_wconf 88' lang='lat' dir='ltr'>alterna</span> <span class='ocrx_word' id='word_1_32' title='bbox 1577 816 1716 899; x_wconf 85' lang='lat' dir='ltr'>vice</span> <span class='ocrx_word' id='word_1_33' title='bbox 2308 833 2379 880; x_wconf 84' lang='lat'>25</span> 
     </span>
     <span class='ocr_line' id='line_1_8' title="bbox 346 904 1761 989; baseline 0.001 -22"><span class='ocrx_word' id='word_1_34' title='bbox 346 904 701 989; x_wconf 86' lang='lat' dir='ltr'>stringatur</span> <span class='ocrx_word' id='word_1_35' title='bbox 746 904 942 988; x_wconf 84' lang='lat' dir='ltr'>ensis3</span> <span class='ocrx_word' id='word_1_36' title='bbox 988 926 1069 969; x_wconf 93' lang='lat' dir='ltr'>ne</span> <span class='ocrx_word' id='word_1_37' title='bbox 1115 905 1200 968; x_wconf 88' lang='lat' dir='ltr'>sit</span> <span class='ocrx_word' id='word_1_38' title='bbox 1245 905 1485 968; x_wconf 87' lang='lat' dir='ltr'>irarum</span> <span class='ocrx_word' id='word_1_39' title='bbox 1533 905 1761 969; x_wconf 87' lang='lat' dir='ltr'>modus</span> 
     </span>
     <span class='ocr_line' id='line_1_9' title="bbox 346 992 1783 1078; baseline 0 -22"><span class='ocrx_word' id='word_1_40' title='bbox 346 992 660 1075; x_wconf 86' lang='lat' dir='ltr'>pudorve,</span> <span class='ocrx_word' id='word_1_41' title='bbox 706 997 952 1057; x_wconf 93' lang='lat' dir='ltr'>mentes</span> <span class='ocrx_word' id='word_1_42' title='bbox 1000 1014 1224 1058; x_wconf 91' lang='lat' dir='ltr'>caecus</span> <span class='ocrx_word' id='word_1_43' title='bbox 1271 994 1539 1078; x_wconf 74' lang='lat' dir='ltr'>instiget</span> <span class='ocrx_word' id='word_1_44' title='bbox 1582 993 1783 1075; x_wconf 80' lang='lat' dir='ltr'>furor,</span> 
     </span>
     <span class='ocr_line' id='line_1_10' title="bbox 342 1081 1822 1167; baseline 0.001 -23"><span class='ocrx_word' id='word_1_45' title='bbox 342 1081 554 1145; x_wconf 82' lang='lat' dir='ltr'>rabies</span> <span class='ocrx_word' id='word_1_46' title='bbox 600 1085 938 1165; x_wconf 91' lang='lat' dir='ltr'>parentum</span> <span class='ocrx_word' id='word_1_47' title='bbox 987 1081 1171 1145; x_wconf 90' lang='lat' dir='ltr'>duret</span> <span class='ocrx_word' id='word_1_48' title='bbox 1217 1085 1282 1146; x_wconf 91' lang='lat' dir='ltr'>et</span> <span class='ocrx_word' id='word_1_49' title='bbox 1325 1083 1597 1167; x_wconf 89' lang='lat' dir='ltr'>longum</span> <span class='ocrx_word' id='word_1_50' title='bbox 1643 1083 1822 1145; x_wconf 85' lang='lat' dir='ltr'>nefas</span> 
     </span>
     <span class='ocr_line' id='line_1_11' title="bbox 347 1170 1871 1255; baseline 0.001 -23"><span class='ocrx_word' id='word_1_51' title='bbox 347 1174 450 1233; x_wconf 91' lang='lat' dir='ltr'>eat</span> <span class='ocrx_word' id='word_1_52' title='bbox 495 1170 563 1232; x_wconf 92' lang='lat' dir='ltr'>in</span> <span class='ocrx_word' id='word_1_53' title='bbox 608 1174 902 1255; x_wconf 83' lang='lat' dir='ltr'>nepotes3</span> <span class='ocrx_word' id='word_1_54' title='bbox 946 1190 1064 1233; x_wconf 91' lang='lat' dir='ltr'>nec</span> <span class='ocrx_word' id='word_1_55' title='bbox 1109 1174 1292 1234; x_wconf 84' lang='lat' dir='ltr'>vacet</span> <span class='ocrx_word' id='word_1_56' title='bbox 1340 1171 1640 1253; x_wconf 90' lang='lat' dir='ltr'>cuiquam</span> <span class='ocrx_word' id='word_1_57' title='bbox 1687 1173 1871 1234; x_wconf 85' lang='lat' dir='ltr'>vetus</span> 
     </span>
     <span class='ocr_line' id='line_1_12' title="bbox 344 1258 2376 1343; baseline 0.001 -22"><span class='ocrx_word' id='word_1_58' title='bbox 344 1259 556 1322; x_wconf 86' lang='lat' dir='ltr'>odisse</span> <span class='ocrx_word' id='word_1_59' title='bbox 603 1260 870 1322; x_wconf 84' lang='lat' dir='ltr'>crimen:</span> <span class='ocrx_word' id='word_1_60' title='bbox 919 1280 1170 1343; x_wconf 84' lang='lat' dir='ltr'>semper</span> <span class='ocrx_word' id='word_1_61' title='bbox 1216 1258 1461 1323; x_wconf 86' lang='lat' dir='ltr'>oriatur</span> <span class='ocrx_word' id='word_1_62' title='bbox 1504 1281 1776 1341; x_wconf 83' lang='lat' dir='ltr'>novum,</span> <span class='ocrx_word' id='word_1_63' title='bbox 2307 1275 2376 1326; x_wconf 88' lang='lat'>30</span> 
     </span>
     <span class='ocr_line' id='line_1_13' title="bbox 342 1347 1947 1432; baseline 0.001 -22"><span class='ocrx_word' id='word_1_64' title='bbox 342 1367 463 1410; x_wconf 87' lang='lat' dir='ltr'>nec</span> <span class='ocrx_word' id='word_1_65' title='bbox 507 1370 709 1411; x_wconf 93' lang='lat' dir='ltr'>unum</span> <span class='ocrx_word' id='word_1_66' title='bbox 756 1348 824 1411; x_wconf 91' lang='lat' dir='ltr'>in</span> <span class='ocrx_word' id='word_1_67' title='bbox 868 1369 1026 1431; x_wconf 91' lang='lat' dir='ltr'>uno,</span> <span class='ocrx_word' id='word_1_68' title='bbox 1073 1347 1353 1430; x_wconf 91' lang='lat' dir='ltr'>dumque</span> <span class='ocrx_word' id='word_1_69' title='bbox 1400 1348 1669 1431; x_wconf 86' lang='lat' dir='ltr'>punitur</span> <span class='ocrx_word' id='word_1_70' title='bbox 1714 1349 1947 1432; x_wconf 91' lang='lat' dir='ltr'>scelus,</span> 
     </span>
     <span class='ocr_line' id='line_1_14' title="bbox 343 1435 1926 1520; baseline 0.003 -23"><span class='ocrx_word' id='word_1_71' title='bbox 343 1440 603 1500; x_wconf 84' lang='lat' dir='ltr'>crescat.</span> <span class='ocrx_word' id='word_1_72' title='bbox 694 1436 985 1520; x_wconf 88' lang='lat' dir='ltr'>superbis</span> <span class='ocrx_word' id='word_1_73' title='bbox 1030 1435 1339 1500; x_wconf 88' lang='lat' dir='ltr'>fratribus</span> <span class='ocrx_word' id='word_1_74' title='bbox 1383 1457 1583 1519; x_wconf 89' lang='lat' dir='ltr'>regna</span> <span class='ocrx_word' id='word_1_75' title='bbox 1627 1435 1926 1501; x_wconf 85' lang='lat' dir='ltr'>excidant</span> 
     </span>
     <span class='ocr_line' id='line_1_15' title="bbox 338 1524 2026 1610; baseline 0.002 -24"><span class='ocrx_word' id='word_1_76' title='bbox 338 1528 762 1608; x_wconf 75' lang='lat' dir='ltr'>repetantque</span> <span class='ocrx_word' id='word_1_77' title='bbox 806 1526 1144 1610; x_wconf 79' lang='lat' dir='ltr'>profugos3</span> <span class='ocrx_word' id='word_1_78' title='bbox 1193 1524 1388 1589; x_wconf 87' lang='lat' dir='ltr'>dubia</span> <span class='ocrx_word' id='word_1_79' title='bbox 1432 1526 1752 1589; x_wconf 85' lang='lat' dir='ltr'>violentae</span> <span class='ocrx_word' id='word_1_80' title='bbox 1799 1525 2026 1589; x_wconf 90' lang='lat' dir='ltr'>domus</span> 
     </span>
     <span class='ocr_line' id='line_1_16' title="bbox 341 1613 1613 1699; baseline 0.001 -23"><span class='ocrx_word' id='word_1_81' title='bbox 341 1613 603 1677; x_wconf 87' lang='lat' dir='ltr'>fortuna</span> <span class='ocrx_word' id='word_1_82' title='bbox 647 1635 828 1699; x_wconf 90' lang='lat' dir='ltr'>reges</span> <span class='ocrx_word' id='word_1_83' title='bbox 874 1615 1043 1678; x_wconf 90' lang='lat' dir='ltr'>inter</span> <span class='ocrx_word' id='word_1_84' title='bbox 1087 1615 1366 1678; x_wconf 87' lang='lat' dir='ltr'>incertos</span> <span class='ocrx_word' id='word_1_85' title='bbox 1412 1614 1613 1678; x_wconf 80' lang='lat' dir='ltr'>labet:</span> 
     </span>
     <span class='ocr_line' id='line_1_17' title="bbox 343 1702 2371 1786; baseline 0 -21"><span class='ocrx_word' id='word_1_86' title='bbox 343 1702 538 1766; x_wconf 89' lang='lat' dir='ltr'>miser</span> <span class='ocrx_word' id='word_1_87' title='bbox 584 1725 663 1765; x_wconf 86' lang='lat' dir='ltr'>ex</span> <span class='ocrx_word' id='word_1_88' title='bbox 707 1706 969 1786; x_wconf 92' lang='lat' dir='ltr'>potente</span> <span class='ocrx_word' id='word_1_89' title='bbox 1014 1703 1154 1785; x_wconf 91' lang='lat' dir='ltr'>fiat,</span> <span class='ocrx_word' id='word_1_90' title='bbox 1201 1725 1281 1766; x_wconf 86' lang='lat' dir='ltr'>ex</span> <span class='ocrx_word' id='word_1_91' title='bbox 1326 1702 1560 1766; x_wconf 92' lang='lat' dir='ltr'>misero</span> <span class='ocrx_word' id='word_1_92' title='bbox 1608 1706 1837 1786; x_wconf 86' lang='lat' dir='ltr'>potens</span> <span class='ocrx_word' id='word_1_93' title='bbox 2295 1717 2371 1770; x_wconf 57' lang='lat'>,35</span> 
     </span>
     <span class='ocr_line' id='line_1_18' title="bbox 342 1790 1750 1877; baseline 0.001 -24"><span class='ocrx_word' id='word_1_94' title='bbox 342 1790 672 1874; x_wconf 85' lang='lat' dir='ltr'>fluctuque</span> <span class='ocrx_word' id='word_1_95' title='bbox 717 1814 989 1877; x_wconf 89' lang='lat' dir='ltr'>regnum</span> <span class='ocrx_word' id='word_1_96' title='bbox 1036 1813 1219 1855; x_wconf 89' lang='lat' dir='ltr'>casus</span> <span class='ocrx_word' id='word_1_97' title='bbox 1267 1792 1524 1855; x_wconf 90' lang='lat' dir='ltr'>assiduo</span> <span class='ocrx_word' id='word_1_98' title='bbox 1570 1791 1750 1855; x_wconf 88' lang='lat' dir='ltr'>ferat.</span> 
     </span>
     <span class='ocr_line' id='line_1_19' title="bbox 342 1879 1901 1964; baseline 0 -22"><span class='ocrx_word' id='word_1_99' title='bbox 342 1879 427 1942; x_wconf 93' lang='lat' dir='ltr'>ob</span> <span class='ocrx_word' id='word_1_100' title='bbox 476 1881 714 1943; x_wconf 90' lang='lat' dir='ltr'>scelera</span> <span class='ocrx_word' id='word_1_101' title='bbox 757 1881 956 1963; x_wconf 87' lang='lat' dir='ltr'>pulsi,</span> <span class='ocrx_word' id='word_1_102' title='bbox 1003 1901 1149 1944; x_wconf 92' lang='lat' dir='ltr'>cum</span> <span class='ocrx_word' id='word_1_103' title='bbox 1198 1880 1378 1945; x_wconf 90' lang='lat' dir='ltr'>dabit</span> <span class='ocrx_word' id='word_1_104' title='bbox 1422 1880 1699 1964; x_wconf 89' lang='lat' dir='ltr'>patriam</span> <span class='ocrx_word' id='word_1_105' title='bbox 1747 1879 1901 1942; x_wconf 91' lang='lat' dir='ltr'>deus</span> 
     </span>
     <span class='ocr_line' id='line_1_20' title="bbox 330 1967 2122 2052; baseline 0.001 -23"><span class='ocrx_word' id='word_1_106' title='bbox 330 1967 413 2030; x_wconf 11' lang='lat' dir='ltr'>jin</span> <span class='ocrx_word' id='word_1_107' title='bbox 459 1969 695 2031; x_wconf 89' lang='lat' dir='ltr'>scelera</span> <span class='ocrx_word' id='word_1_108' title='bbox 739 1968 1026 2051; x_wconf 84' lang='lat' dir='ltr'>redeant,</span> <span class='ocrx_word' id='word_1_109' title='bbox 1074 1969 1329 2052; x_wconf 88' lang='lat' dir='ltr'>sintque</span> <span class='ocrx_word' id='word_1_110' title='bbox 1376 1972 1509 2033; x_wconf 91' lang='lat' dir='ltr'>tam</span> <span class='ocrx_word' id='word_1_111' title='bbox 1556 1968 1750 2031; x_wconf 85' lang='lat' dir='ltr'>invisi</span> <span class='ocrx_word' id='word_1_112' title='bbox 1797 1967 2122 2049; x_wconf 91' lang='lat' dir='ltr'>omnibus,</span> 
     </span>
     <span class='ocr_line' id='line_1_21' title="bbox 344 2056 2012 2143; baseline 0.001 -24"><span class='ocrx_word' id='word_1_113' title='bbox 344 2078 538 2138; x_wconf 91' lang='lat' dir='ltr'>quam</span> <span class='ocrx_word' id='word_1_114' title='bbox 585 2056 734 2143; x_wconf 82' lang='lat' dir='ltr'>sibi3</span> <span class='ocrx_word' id='word_1_115' title='bbox 780 2057 947 2121; x_wconf 90' lang='lat' dir='ltr'>nihil</span> <span class='ocrx_word' id='word_1_116' title='bbox 993 2057 1078 2122; x_wconf 92' lang='lat' dir='ltr'>sit</span> <span class='ocrx_word' id='word_1_117' title='bbox 1123 2058 1218 2122; x_wconf 91' lang='lat' dir='ltr'>ira</span> <span class='ocrx_word' id='word_1_118' title='bbox 1265 2057 1439 2141; x_wconf 88' lang='lat' dir='ltr'>quod</span> <span class='ocrx_word' id='word_1_119' title='bbox 1484 2057 1756 2122; x_wconf 84' lang='lat' dir='ltr'>vetitum</span> <span class='ocrx_word' id='word_1_120' title='bbox 1801 2058 2012 2140; x_wconf 90' lang='lat' dir='ltr'>putet:</span> 
     </span>
     <span class='ocr_line' id='line_1_22' title="bbox 327 2145 2372 2231; baseline 0 -23"><span class='ocrx_word' id='word_1_121' title='bbox 327 2145 604 2209; x_wconf 44' lang='lat' dir='ltr'>*fratrem</span> <span class='ocrx_word' id='word_1_122' title='bbox 652 2151 1034 2229; x_wconf 83' lang='lat' dir='ltr'>expavescat</span> <span class='ocrx_word' id='word_1_123' title='bbox 1077 2147 1275 2210; x_wconf 86' lang='lat' dir='ltr'>frater</span> <span class='ocrx_word' id='word_1_124' title='bbox 1326 2149 1390 2210; x_wconf 98' lang='lat' dir='ltr'>et</span> <span class='ocrx_word' id='word_1_125' title='bbox 1434 2149 1702 2231; x_wconf 90' lang='lat' dir='ltr'>gnatum</span> <span class='ocrx_word' id='word_1_126' title='bbox 1749 2167 1978 2229; x_wconf 89' lang='lat' dir='ltr'>parens</span> <span class='ocrx_word' id='word_1_127' title='bbox 2302 2161 2372 2209; x_wconf 80' lang='lat'>40</span> 
     </span>
     <span class='ocr_line' id='line_1_23' title="bbox 343 2236 1808 2319; baseline 0.001 -23"><span class='ocrx_word' id='word_1_128' title='bbox 343 2237 702 2319; x_wconf 90' lang='lat' dir='ltr'>gnatusque</span> <span class='ocrx_word' id='word_1_129' title='bbox 748 2238 1024 2318; x_wconf 89' lang='lat' dir='ltr'>patrem,</span> <span class='ocrx_word' id='word_1_130' title='bbox 1069 2236 1259 2299; x_wconf 88' lang='lat' dir='ltr'>liberi</span> <span class='ocrx_word' id='word_1_131' title='bbox 1304 2238 1569 2319; x_wconf 89' lang='lat' dir='ltr'>pereant</span> <span class='ocrx_word' id='word_1_132' title='bbox 1615 2236 1808 2317; x_wconf 94' lang='lat' dir='ltr'>male,</span> 
     </span>
     <span class='ocr_line' id='line_1_24' title="bbox 340 2322 1763 2407; baseline 0.001 -22"><span class='ocrx_word' id='word_1_133' title='bbox 340 2322 524 2405; x_wconf 91' lang='lat' dir='ltr'>peius</span> <span class='ocrx_word' id='word_1_134' title='bbox 568 2326 786 2386; x_wconf 92' lang='lat' dir='ltr'>tamen</span> <span class='ocrx_word' id='word_1_135' title='bbox 830 2327 1199 2407; x_wconf 82' lang='lat' dir='ltr'>nascantur3</span> <span class='ocrx_word' id='word_1_136' title='bbox 1246 2324 1580 2387; x_wconf 91' lang='lat' dir='ltr'>immineat</span> <span class='ocrx_word' id='word_1_137' title='bbox 1624 2324 1763 2387; x_wconf 85' lang='lat' dir='ltr'>viro</span> 
     </span>
     <span class='ocr_line' id='line_1_25' title="bbox 327 2410 1993 2496; baseline 0.001 -24"><span class='ocrx_word' id='word_1_138' title='bbox 327 2411 574 2475; x_wconf 70' lang='lat' dir='ltr'>‚infesta</span> <span class='ocrx_word' id='word_1_139' title='bbox 620 2412 928 2496; x_wconf 81' lang='lat' dir='ltr'>coniunx,</span> <span class='ocrx_word' id='word_1_140' title='bbox 973 2413 1143 2476; x_wconf 89' lang='lat' dir='ltr'>bella</span> <span class='ocrx_word' id='word_1_141' title='bbox 1188 2416 1365 2476; x_wconf 90' lang='lat' dir='ltr'>trans</span> <span class='ocrx_word' id='word_1_142' title='bbox 1411 2415 1684 2496; x_wconf 92' lang='lat' dir='ltr'>pontum</span> <span class='ocrx_word' id='word_1_143' title='bbox 1730 2410 1993 2492; x_wconf 81' lang='lat' dir='ltr'>vehant,</span> 
     </span>
     <span class='ocr_line' id='line_1_26' title="bbox 328 2499 1604 2586; baseline 0.002 -24"><span class='ocrx_word' id='word_1_144' title='bbox 328 2499 578 2564; x_wconf 81' lang='lat' dir='ltr'>effusus</span> <span class='ocrx_word' id='word_1_145' title='bbox 627 2501 835 2564; x_wconf 85' lang='lat' dir='ltr'>omm‘s</span> <span class='ocrx_word' id='word_1_146' title='bbox 882 2501 1105 2586; x_wconf 89' lang='lat' dir='ltr'>irriget</span> <span class='ocrx_word' id='word_1_147' title='bbox 1148 2505 1351 2566; x_wconf 91' lang='lat' dir='ltr'>terras</span> <span class='ocrx_word' id='word_1_148' title='bbox 1400 2522 1604 2583; x_wconf 87' lang='lat' dir='ltr'>cruor,</span> 
     </span>
     <span class='ocr_line' id='line_1_27' title="bbox 328 2588 2369 2675; baseline -0.001 -23"><span class='ocrx_word' id='word_1_149' title='bbox 328 2610 660 2671; x_wconf 69' lang='lat' dir='ltr'>vsupraque</span> <span class='ocrx_word' id='word_1_150' title='bbox 706 2611 975 2675; x_wconf 88' lang='lat' dir='ltr'>magnos</span> <span class='ocrx_word' id='word_1_151' title='bbox 1022 2591 1312 2674; x_wconf 88' lang='lat' dir='ltr'>gentium</span> <span class='ocrx_word' id='word_1_152' title='bbox 1361 2591 1605 2653; x_wconf 85' lang='lat' dir='ltr'>exultet</span> <span class='ocrx_word' id='word_1_153' title='bbox 1651 2588 1843 2652; x_wconf 90' lang='lat' dir='ltr'>duces</span> <span class='ocrx_word' id='word_1_154' title='bbox 2299 2602 2369 2650; x_wconf 80' lang='lat'>45</span> 
     </span>
     <span class='ocr_line' id='line_1_28' title="bbox 338 2676 1818 2763; baseline -0.001 -23"><span class='ocrx_word' id='word_1_155' title='bbox 338 2676 568 2741; x_wconf 87' lang='lat' dir='ltr'>Libido</span> <span class='ocrx_word' id='word_1_156' title='bbox 616 2677 874 2742; x_wconf 85' lang='lat' dir='ltr'>victrix:</span> <span class='ocrx_word' id='word_1_157' title='bbox 923 2679 1123 2763; x_wconf 88' lang='lat' dir='ltr'>impia</span> <span class='ocrx_word' id='word_1_158' title='bbox 1169 2682 1466 2762; x_wconf 84' lang='lat' dir='ltr'>stuprum</span> <span class='ocrx_word' id='word_1_159' title='bbox 1512 2678 1581 2741; x_wconf 93' lang='lat' dir='ltr'>in</span> <span class='ocrx_word' id='word_1_160' title='bbox 1627 2677 1818 2740; x_wconf 92' lang='lat' dir='ltr'>domo</span> 
     </span>
     <span class='ocr_line' id='line_1_29' title="bbox 337 2765 1765 2850; baseline -0.002 -20"><span class='ocrx_word' id='word_1_161' title='bbox 337 2767 738 2831; x_wconf 85' lang='lat' dir='ltr'>levissimum</span> <span class='ocrx_word' id='word_1_162' title='bbox 785 2768 870 2830; x_wconf 92' lang='lat' dir='ltr'>sit</span> <span class='ocrx_word' id='word_1_163' title='bbox 913 2768 1191 2850; x_wconf 83' lang='lat' dir='ltr'>facinus3</span> <span class='ocrx_word' id='word_1_164' title='bbox 1244 2771 1306 2831; x_wconf 98' lang='lat' dir='ltr'>et</span> <span class='ocrx_word' id='word_1_165' title='bbox 1352 2767 1449 2830; x_wconf 84' lang='lat' dir='ltr'>fas</span> <span class='ocrx_word' id='word_1_166' title='bbox 1498 2770 1561 2830; x_wconf 93' lang='lat' dir='ltr'>et</span> <span class='ocrx_word' id='word_1_167' title='bbox 1606 2765 1765 2828; x_wconf 85' lang='lat' dir='ltr'>fides</span> 
     </span>
     <span class='ocr_line' id='line_1_30' title="bbox 339 2853 2033 2939; baseline -0.002 -21"><span class='ocrx_word' id='word_1_168' title='bbox 339 2855 567 2938; x_wconf 89' lang='lat' dir='ltr'>iusque</span> <span class='ocrx_word' id='word_1_169' title='bbox 616 2877 803 2919; x_wconf 91' lang='lat' dir='ltr'>omne</span> <span class='ocrx_word' id='word_1_170' title='bbox 849 2860 1085 2939; x_wconf 89' lang='lat' dir='ltr'>pereat.</span> <span class='ocrx_word' id='word_1_171' title='bbox 1177 2877 1310 2919; x_wconf 93' lang='lat' dir='ltr'>non</span> <span class='ocrx_word' id='word_1_172' title='bbox 1357 2856 1442 2919; x_wconf 92' lang='lat' dir='ltr'>sit</span> <span class='ocrx_word' id='word_1_173' title='bbox 1488 2878 1525 2918; x_wconf 92' lang='lat' dir='ltr'>a</span> <span class='ocrx_word' id='word_1_174' title='bbox 1571 2855 1800 2918; x_wconf 85' lang='lat' dir='ltr'>vestris</span> <span class='ocrx_word' id='word_1_175' title='bbox 1847 2853 2033 2916; x_wconf 90' lang='lat' dir='ltr'>malis</span> 
     </span>
     <span class='ocr_line' id='line_1_31' title="bbox 339 2942 1900 3025; baseline -0.001 -19"><span class='ocrx_word' id='word_1_176' title='bbox 339 2944 625 3007; x_wconf 88' lang='lat' dir='ltr'>immune</span> <span class='ocrx_word' id='word_1_177' title='bbox 673 2945 938 3009; x_wconf 89' lang='lat' dir='ltr'>caelum.</span> <span class='ocrx_word' id='word_1_178' title='bbox 1031 2967 1144 3010; x_wconf 92' lang='lat' dir='ltr'>cur</span> <span class='ocrx_word' id='word_1_179' title='bbox 1188 2945 1433 3009; x_wconf 87' lang='lat' dir='ltr'>micant</span> <span class='ocrx_word' id='word_1_180' title='bbox 1479 2942 1702 3007; x_wconf 90' lang='lat' dir='ltr'>stellae</span> <span class='ocrx_word' id='word_1_181' title='bbox 1748 2943 1900 3025; x_wconf 98' lang='lat' dir='ltr'>polo</span> 
     </span>
     <span class='ocr_line' id='line_1_32' title="bbox 336 3030 2372 3115; baseline -0.001 -20"><span class='ocrx_word' id='word_1_182' title='bbox 336 3032 759 3115; x_wconf 90' lang='lat' dir='ltr'>flammaeque</span> <span class='ocrx_word' id='word_1_183' title='bbox 814 3038 1070 3098; x_wconf 83' lang='lat' dir='ltr'>servant</span> <span class='ocrx_word' id='word_1_184' title='bbox 1116 3033 1406 3097; x_wconf 88' lang='lat' dir='ltr'>debitum</span> <span class='ocrx_word' id='word_1_185' title='bbox 1450 3031 1691 3096; x_wconf 91' lang='lat' dir='ltr'>mundo</span> <span class='ocrx_word' id='word_1_186' title='bbox 1745 3030 1980 3094; x_wconf 79' lang='lat' dir='ltr'>decus?</span> <span class='ocrx_word' id='word_1_187' title='bbox 2302 3045 2372 3093; x_wconf 84' lang='lat'>50</span> 
     </span>
     <span class='ocr_line' id='line_1_33' title="bbox 338 3120 1551 3204; baseline 0.001 -21"><span class='ocrx_word' id='word_1_188' title='bbox 338 3142 469 3184; x_wconf 86' lang='lat' dir='ltr'>nox</span> <span class='ocrx_word' id='word_1_189' title='bbox 517 3121 644 3184; x_wconf 90' lang='lat' dir='ltr'>alia</span> <span class='ocrx_word' id='word_1_190' title='bbox 689 3122 828 3204; x_wconf 88' lang='lat' dir='ltr'>fiat,</span> <span class='ocrx_word' id='word_1_191' title='bbox 876 3122 1128 3186; x_wconf 82' lang='lat' dir='ltr'>excidat</span> <span class='ocrx_word' id='word_1_192' title='bbox 1175 3123 1351 3186; x_wconf 90' lang='lat' dir='ltr'>caelo</span> <span class='ocrx_word' id='word_1_193' title='bbox 1401 3120 1551 3185; x_wconf 89' lang='lat' dir='ltr'>dies.</span> 
     </span>
     <span class='ocr_line' id='line_1_34' title="bbox 329 3210 1608 3294; baseline 0 -22"><span class='ocrx_word' id='word_1_194' title='bbox 329 3210 533 3273; x_wconf 84' lang='lat' dir='ltr'>misce</span> <span class='ocrx_word' id='word_1_195' title='bbox 579 3213 843 3293; x_wconf 88' lang='lat' dir='ltr'>penates</span> <span class='ocrx_word' id='word_1_196' title='bbox 853 3261 870 3294; x_wconf 94' lang='lat'>,</span> <span class='ocrx_word' id='word_1_197' title='bbox 919 3211 1066 3275; x_wconf 86' lang='lat' dir='ltr'>odia</span> <span class='ocrx_word' id='word_1_198' title='bbox 1112 3210 1334 3274; x_wconf 90' lang='lat' dir='ltr'>caedes</span> <span class='ocrx_word' id='word_1_199' title='bbox 1381 3211 1608 3273; x_wconf 78' lang='lat' dir='ltr'>funera</span> 
     </span>
    </p>
   </div>
   <div class='ocr_carea' id='block_1_3' title="bbox 336 3363 2374 3645">
    <p class='ocr_par' dir='ltr' id='par_1_3' title="bbox 336 3363 2374 3645">
     <span class='ocr_line' id='line_1_35' title="bbox 477 3363 2369 3436; baseline -0.002 -18"><span class='ocrx_word' id='word_1_200' title='bbox 477 3371 547 3418; x_wconf 82' lang='lat'>26</span> <span class='ocrx_word' id='word_1_201' title='bbox 585 3366 936 3436; x_wconf 85' lang='lat' dir='ltr'>stringantur</span> <span class='ocrx_word' id='word_1_202' title='bbox 973 3383 1131 3420; x_wconf 88' lang='lat' dir='ltr'>enses</span> <span class='ocrx_word' id='word_1_203' title='bbox 1169 3371 1214 3419; x_wconf 99' lang='lat' dir='ltr'>A</span> <span class='ocrx_word' id='word_1_204' title='bbox 1260 3368 1267 3435; x_wconf 87' lang='grc' dir='ltr'>Ι</span> <span class='ocrx_word' id='word_1_205' title='bbox 1312 3382 1417 3420; x_wconf 89' lang='lat' dir='ltr'>nec</span> <span class='ocrx_word' id='word_1_206' title='bbox 1455 3366 1530 3419; x_wconf 84' lang='lat' dir='ltr'>sit</span> <span class='ocrx_word' id='word_1_207' title='bbox 1565 3372 1609 3419; x_wconf 79' lang='lat' dir='ltr'>E</span> <span class='ocrx_word' id='word_1_208' title='bbox 1672 3369 1691 3436; x_wconf 75' lang='lat' dir='ltr'>ss</span> <span class='ocrx_word' id='word_1_209' title='bbox 1755 3370 1821 3418; x_wconf 85' lang='lat'>33</span> <span class='ocrx_word' id='word_1_210' title='bbox 1860 3365 2193 3434; x_wconf 86' lang='lat' dir='ltr'>repetatque</span> <span class='ocrx_word' id='word_1_211' title='bbox 2232 3367 2304 3415; x_wconf 58' lang='lat' dir='ltr'>At</span> <span class='ocrx_word' id='word_1_212' title='bbox 2350 3363 2369 3434; x_wconf 82' lang='grc' dir='ltr'>Η</span> 
     </span>
     <span class='ocr_line' id='line_1_36' title="bbox 336 3435 2370 3506; baseline 0 -19"><span class='ocrx_word' id='word_1_213' title='bbox 336 3441 406 3488; x_wconf 86' lang='grc'>36</span> <span class='ocrx_word' id='word_1_214' title='bbox 444 3435 714 3505; x_wconf 87' lang='lat' dir='ltr'>luctuque</span> <span class='ocrx_word' id='word_1_215' title='bbox 761 3443 805 3490; x_wconf 79' lang='lat' dir='ltr'>E</span> <span class='ocrx_word' id='word_1_216' title='bbox 868 3440 886 3506; x_wconf 85' lang='grc' dir='ltr'>ΙΙ</span> <span class='ocrx_word' id='word_1_217' title='bbox 949 3443 1020 3490; x_wconf 97' lang='grc'>44</span> <span class='ocrx_word' id='word_1_218' title='bbox 1069 3453 1259 3491; x_wconf 89' lang='lat' dir='ltr'>omnes</span> <span class='ocrx_word' id='word_1_219' title='bbox 1297 3441 1343 3489; x_wconf 99' lang='lat' dir='ltr'>A</span> <span class='ocrx_word' id='word_1_220' title='bbox 1405 3438 1424 3506; x_wconf 83' lang='grc' dir='ltr'>ΙΙ</span> <span class='ocrx_word' id='word_1_221' title='bbox 1486 3442 1554 3490; x_wconf 80' lang='grc'>47</span> <span class='ocrx_word' id='word_1_222' title='bbox 1603 3437 1706 3490; x_wconf 84' lang='lat' dir='ltr'>lev.</span> <span class='ocrx_word' id='word_1_223' title='bbox 1753 3437 1851 3504; x_wconf 87' lang='lat' dir='ltr'>sit;</span> <span class='ocrx_word' id='word_1_224' title='bbox 1899 3435 2090 3489; x_wconf 88' lang='lat' dir='ltr'>fratris</span> <span class='ocrx_word' id='word_1_225' title='bbox 2137 3451 2192 3489; x_wconf 86' lang='grc' dir='ltr'><em>ω</em></span> <span class='ocrx_word' id='word_1_226' title='bbox 2232 3451 2370 3489; x_wconf 81' lang='lat' dir='ltr'>corr.</span> 
     </span>
     <span class='ocr_line' id='line_1_37' title="bbox 339 3506 2374 3577; baseline 0 -19"><span class='ocrx_word' id='word_1_227' title='bbox 339 3507 573 3576; x_wconf 74' lang='lat' dir='ltr'>Bentley</span> <span class='ocrx_word' id='word_1_228' title='bbox 635 3511 654 3575; x_wconf 81' lang='grc' dir='ltr'>ΙΙ</span> <span class='ocrx_word' id='word_1_229' title='bbox 716 3513 785 3560; x_wconf 85' lang='grc'>48</span> <span class='ocrx_word' id='word_1_230' title='bbox 825 3523 859 3561; x_wconf 87' lang='lat' dir='ltr'>a</span> <span class='ocrx_word' id='word_1_231' title='bbox 896 3526 996 3563; x_wconf 87' lang='lat' dir='ltr'>om.</span> <span class='ocrx_word' id='word_1_232' title='bbox 1031 3515 1074 3560; x_wconf 81' lang='grc' dir='ltr'><strong>Ε</strong></span> <span class='ocrx_word' id='word_1_233' title='bbox 1137 3510 1155 3577; x_wconf 76' lang='grc' dir='ltr'>Ι]</span> <span class='ocrx_word' id='word_1_234' title='bbox 1218 3513 1288 3560; x_wconf 83' lang='grc'>49</span> <span class='ocrx_word' id='word_1_235' title='bbox 1327 3525 1454 3561; x_wconf 86' lang='lat' dir='ltr'>oum</span> <span class='ocrx_word' id='word_1_236' title='bbox 1491 3508 1705 3562; x_wconf 82' lang='lat' dir='ltr'>micant</span> <span class='ocrx_word' id='word_1_237' title='bbox 1740 3512 1785 3560; x_wconf 99' lang='lat' dir='ltr'>A</span> <span class='ocrx_word' id='word_1_238' title='bbox 1848 3509 1867 3577; x_wconf 90' lang='grc' dir='ltr'>ΙΙ</span> <span class='ocrx_word' id='word_1_239' title='bbox 1931 3512 1999 3559; x_wconf 78' lang='grc'>50</span> <span class='ocrx_word' id='word_1_240' title='bbox 2034 3506 2374 3573; x_wconf 83' lang='lat' dir='ltr'>flammaque</span> 
     </span>
     <span class='ocr_line' id='line_1_38' title="bbox 338 3575 959 3645; baseline 0.011 -20"><span class='ocrx_word' id='word_1_241' title='bbox 338 3575 570 3645; x_wconf 73' lang='lat' dir='ltr'>Bentley</span> <span class='ocrx_word' id='word_1_242' title='bbox 598 3579 617 3644; x_wconf 77' lang='lat'>1}</span> <span class='ocrx_word' id='word_1_243' title='bbox 646 3582 710 3629; x_wconf 80' lang='lat'>51</span> <span class='ocrx_word' id='word_1_244' title='bbox 752 3579 877 3631; x_wconf 87' lang='lat' dir='ltr'>atra</span> <span class='ocrx_word' id='word_1_245' title='bbox 914 3582 959 3630; x_wconf 98' lang='lat' dir='ltr'>A</span> 
     </span>
    </p>
   </div>
  </div>
 </body>
</html>
