2658 4117
347 237 479 315 ’294
993 251 1052 303 L.
1084 249 1368 303 ANNAEI
1406 248 1731 304 SENECAE

817 396 965 459 telis
1018 417 1180 478 quae
1226 396 1455 477 procul
1500 395 1737 479 ingerit

816 484 1123 566 Parthus,
1169 505 1315 548 cum
1363 484 1625 547 simulat
1669 484 1885 569 fugas,

817 573 1094 637 admotis
1139 571 1306 636 nihil
1352 576 1450 636 est
1500 594 1663 655 opus
2274 589 2377 638 385

817 661 1007 725 urbes
1055 665 1336 726 sternere
1381 660 1724 745 machinis,

815 750 1010 836 longe
1056 772 1210 814 saxa
1254 750 1636 814 rotantibus,
2274 766 2378 815 387

818 860 999 903 mens
1045 860 1317 924 regnum
1364 838 1535 902 bona
1581 839 1883 922 possidet.
2271 854 2376 904 380

820 928 962 1012 [rex
1009 931 1106 991 est
1152 928 1264 1009 qui
1309 928 1541 991 metuit
1584 927 1777 1010 nihil,
2278 943 2377 992 388

818 1039 932 1080 rex
979 1020 1076 1080 est
1123 1016 1236 1099 qui
1282 1016 1498 1098 cupiet
1541 1016 1754 1101 1111111]

816 1106 941 1170 hoe
985 1126 1258 1190 regnum
1305 1105 1431 1168 sibi
1478 1105 1750 1189 quisque
1797 1107 1922 1170 dat.
2274 1121 2379 1170 390

951 1191 1093 1257 Stet
1140 1193 1529 1277 quicumque
1574 1195 1751 1258 volet
1796 1198 2026 1279 potens

817 1283 1000 1345 aulae
1048 1282 1326 1345 eulmine
1371 1282 1648 1347 lubrico:

816 1392 920 1434 me
967 1371 1171 1435 duleis
1218 1374 1462 1435 saturet
1508 1372 1717 1455 quies3

822 1460 1094 1523 obscuro
1142 1460 1395 1542 positus
1440 1459 1584 1524 loeo

817 1549 949 1611 leni
994 1549 1285 1632 perfruar
1332 1549 1494 1631 0110,
2274 1565 2376 1613 395

816 1637 1014 1700 nullis
1058 1641 1213 1700 nota
1260 1635 1619 1712 Quiritibus

817 1730 989 1789 aetas
1036 1748 1150 1809 per
1194 1726 1465 1789 tacitum
1510 1726 1686 1789 fluat.

817 1815 909 1879 sie
955 1836 1102 1878 eum
1148 1815 1520 1879 transierint
1565 1816 1693 1879 mei

815 1893 996 1967 1‘1'ullo
1045 1926 1190 1969 oum
1239 1904 1511 1987 strepitu
1560 1903 1725 1988 dies,

816 1991 1105 2075 plebeius
1152 1993 1391 2056 moriar
1437 2014 1646 2056 senex.
2270 2008 2378 2056 400

816 2082 914 2144 illi
959 2104 1133 2146 mors
1181 2083 1395 2167 gravis
1442 2082 1710 2148 incubat

818 2171 954 2254 qui,
1001 2175 1193 2234 notus
1239 2171 1434 2234 nimis
1483 2171 1809 2253 omnibuS‚

816 2259 1077 2344 ignotus
1123 2261 1399 2323 moritur
1443 2260 1584 2324 sibi.

347 2470 804 2536 THYESTES
879 2470 1344 2537 TANTALVS
1419 2470 1965 2537 PLISTHENES
2008 2469 2375 2535 TACITVS

479 2595 718 2679 Optata
763 2597 1006 2680 patriae
1053 2601 1223 2661 tecta
1269 2601 1335 2660 et
1370 2594 1709 2682 Argolicas
1756 2618 1912 2679 opes

345 2685 722 2769 miserisque
770 2707 1092 2749 summum
1141 2707 1215 2750 ae
1260 2687 1537 2749 maxime
1584 2685 1883 2749 exulibus
1930 2684 2202 2768 bonum,
2271 2701 2376 2748 405

345 2778 622 2840 tractum
671 2775 794 2838 soli
839 2775 1072 2838 natalis
1121 2778 1184 2838 et
1228 2775 1472 2858 patrios
1521 2774 1671 2838 deos
2402 2787 2405 2790 ’

349 2860 434 2948 (si
481 2867 633 2927 sunt
678 2866 806 2926 tam
816 2885 895 2927 en
941 2860 1034 2948 di)
1084 2885 1300 2946 cerne,
1350 2861 1708 2946 Cyelopum
1756 2883 1967 2926 sacras

347 2956 582 3089 turres,
626 2951 845 3016 labore
891 2952 1098 3015 maius
1144 2952 1428 3015 humano
1477 2952 1698 3033 decus,

387 3162 391 3166 ,
489 3113 594 3161 880
631 3115 759 3162 ante
796 3113 902 3161 890
931 3110 1122 3176 posuit
1159 3109 1425 3163 Swoboda
1469 3111 1488 3178 ΙΙ
1533 3113 1636 3161 888
1674 3107 1808 3161 talis
1845 3114 1888 3160 E
1924 3109 1943 3176 ΙΙ
1985 3112 2089 3160 885
2128 3106 2380 3160 adsuetis

350 3181 665 3236 Koetsehau
691 3181 709 3248 ΙΙ
737 3184 858 3232 888.
883 3184 987 3232 889
1025 3181 1125 3233 del.
1156 3179 1270 3234 Leo
1308 3184 1413 3232 889
1451 3196 1551 3234 om.
1583 3183 1629 3230 A
1678 3180 1685 3246 Ι
1745 3180 1960 3234 metuet
1997 3179 2230 3248 Bentley
2264 3193 2381 3231 me-

350 3253 564 3306 tuat—
587 3267 695 3319 cup
697 3250 781 3304 iat
817 3249 993 3306 Smith
1029 3252 1095 3305 de
1131 3257 1248 3305 arte
1283 3251 1413 3305 rhet.
1443 3267 1502 3319 10·
1534 3254 1608 3304 84
1643 3267 1698 3303 n
1729 3255 1761 3302 1
1790 3252 1809 3319 11
1839 3255 1943 3303 896
1979 3251 2227 3318 notaque
2263 3247 2383 3302 liti-

352 3323 457 3376 bus
496 3321 807 3378 Markland
852 3320 1124 3391 (coetibus
1163 3323 1232 3376 L
1264 3322 1497 3390 Milller)
1533 3323 1552 3389 11
1588 3326 1686 3373 401
1721 3320 1867 3374 1111111
1904 3325 1977 3372 Δτ
2026 3323 2158 3388 (exo.
2198 3320 2284 3374 Va
2289 3324 2327 3387 .)
2364 3320 2385 3392 Η

353 3399 466 3447 401.
488 3399 595 3447 402
632 3394 844 3448 inverso
873 3393 1064 3448 ordine
1090 3399 1133 3444 Ε
1162 3394 1180 3461 ΙΙ
1207 3392 1479 3460 Thyestes
1508 3391 1845 3446 Philistenes
1886 3392 1989 3458 (sie
2007 3408 2113 3460 pro
2149 3392 2385 3446 Tantalo

350 3481 450 3532 per
476 3470 645 3519 totam
672 3468 946 3532 scaenam)
978 3468 1024 3515 A
1051 3466 1068 3534 ΙΙ
1096 3469 1200 3516 405
1229 3463 1537 3518 maximum
1566 3480 1621 3517 ω
1650 3480 1784 3519 corr.
1817 3464 2050 3533 Bentley
2076 3466 2094 3532 11
2123 3467 2228 3515 406
2264 3464 2387 3516 188-

348 3536 471 3586 tum
507 3550 562 3587 ω
601 3551 737 3588 corr.
769 3536 1032 3602 Kappias
1068 3535 1242 3590 Perie.
1274 3537 1394 3590 erit.
1425 3535 1662 3604 Erlany.
1693 3538 1844 3588 1786
1873 3552 1931 3603 p.
1963 3538 2031 3587 11
2070 3550 2137 3588 ex
2173 3534 2253 3588 ed.
2284 3541 2386 3589 vet.

354 3603 512 3658 Conr.
546 3604 710 3660 Celtis
746 3606 968 3673 (Bothe)
