2658 4117
367 251 498 313 344

1014 251 1072 303 L.
1104 251 1388 303 ANNAEI
1425 249 1751 305 SENECAE

685 395 945 460 fortuna
989 398 1225 459 metus!
1270 394 1527 459 Bruttia
1575 394 1738 460 Coro

686 486 985 567 pulsante
1029 484 1267 548 fretum
1313 483 1521 548 lenior
1565 485 1737 548 unda
1783 490 1903 570 est3

687 577 948 655 pectora
994 595 1238 656 pauper
1284 594 1505 636 secura
1551 574 1731 656 gerit.

687 666 866 725 tenet
911 684 944 724 e
990 662 1212 745 patula
1258 663 1494 744 pocula
1538 661 1716 747 fago,

686 750 797 814 sed
846 772 980 813 non
1022 749 1273 833 trepida
1317 754 1497 814 tenet
1542 750 1654 813 illa
1699 773 1920 834 manu3

689 840 893 922 carpit
938 839 1159 902 faciles
1205 839 1494 921 vilesque
1541 839 1747 920 cibos,

689 926 800 991 sed
845 950 978 991 non
1024 928 1280 991 strictos
1326 927 1589 1009 respicit
1635 949 1843 991 enses:

689 1038 881 1079 aurea
926 1017 1154 1079 miscet
1198 1017 1432 1098 pocula
1478 1017 1755 1098 sanguis.

689 1105 970 1168 coniunx
1016 1103 1271 1168 modico
1318 1108 1523 1186 nupta
1568 1106 1799 1168 marito

688 1214 821 1256 non
867 1191 1181 1275 disposito
1229 1192 1401 1254 clara
1446 1193 1674 1255 monili

691 1284 900 1366 gestat
945 1280 1159 1364 pelagi
1205 1279 1374 1343 dona
1418 1280 1735 1363 rubentis,

691 1391 811 1433 nec
857 1369 1264 1454 gemmiferas
1312 1368 1592 1432 detrahit
1637 1392 1820 1434 aures

687 1457 854 1540 lapis
898 1456 1040 1521 an
1084 1458 1288 1520 lectus
1336 1457 1404 1520 in
1450 1457 1650 1540 unda,

690 1568 807 1610 nec
854 1543 1122 1609 Sidonio
1170 1545 1387 1609 mollis
1435 1567 1594 1609 aeno

690 1634 962 1718 repetita
1008 1633 1175 1698 bibit
1219 1635 1368 1697 lana
1412 1634 1705 1718 rubores,

689 1744 807 1787 nec
852 1722 1149 1787 Maeonia
1194 1722 1538 1807 distinguit
1583 1744 1701 1787 acu

693 1834 855 1894 quae
900 1810 1217 1874 Phoebeis
1264 1811 1558 1874 subditus
1606 1812 1775 1875 euris

689 1899 851 1983 legit
893 1899 1053 1963 Eois
1101 1897 1217 1963 Ser
1263 1899 1617 1963 arboribus.

691 1988 1016 2072 quaelibet
1060 1986 1295 2051 herbae
1341 1988 1589 2051 tinxere
1636 1988 1814 2051 colus

691 2099 850 2159 quas
897 2077 1192 2142 indoctae
1238 2099 1468 2140 nevere
1514 2099 1770 2140 manus:

690 2166 800 2229 sed
844 2187 976 2228 non
1023 2164 1253 2229 dubios
1300 2166 1480 2228 fovet
1525 2166 1636 2228 illa
1682 2170 1875 2230 toros,

692 2253 984 2336 sequitur
1029 2252 1167 2316 dira
1211 2255 1509 2336 lampade
1555 2253 1793 2336 Erinys

693 2363 963 2424 quarum
1011 2343 1237 2424 populi
1281 2343 1535 2406 coluere
1586 2342 1781 2424 diem,

690 2450 809 2493 nec
856 2430 981 2493 sibi
1025 2430 1181 2493 felix
1228 2453 1473 2514 pauper
1516 2432 1791 2494 habetur

690 2519 818 2582 nisi
860 2518 1082 2582 felices
1130 2519 1433 2583 cecidisse
1478 2519 1668 2582 videt.

825 2604 1128 2689 Quisquis
1174 2607 1457 2670 medium
1506 2606 1756 2691 defugit
1802 2609 1925 2672 iter

693 2695 911 2759 stabili
955 2717 1308 2778 numquam
1355 2696 1612 2759 tramite
1659 2697 1883 2760 currit:

693 2784 844 2847 dum
890 2784 1054 2866 petit
1099 2805 1298 2847 unum
1346 2784 1649 2866 praebere
1697 2784 1863 2848 diem

693 2871 1030 2954 patrioque
1076 2892 1236 2954 puer
1281 2873 1573 2936 constitit
1618 2895 1736 2936 axe

692 2980 811 3111 ἓέἕ
850 2960 1789 3132 ἓῖὶθῗέἑὲ“ἓῃὲῖὲ“ξὲῗθὲξθ”

1238 3102 1276 3134 0

2291 416 2398 464 650

2294 858 2398 906 655

2294 1299 2399 1348 660

2296 1742 2396 1789 665

2292 2184 2398 2232 670

2295 2627 2400 2675 676

2296 3068 2402 3116 680

510 3243 619 3290 650
648 3238 815 3293 choro
844 3245 887 3291 Ε
915 3242 933 3307 ΙΙ
961 3244 1059 3292 651
1086 3239 1278 3293 mitior
1300 3245 1347 3292 A
1373 3242 1391 3308 ΙΙ
1420 3245 1523 3293 653
1553 3257 1583 3294 e
1612 3258 1711 3295 om.
1743 3247 1786 3293 Β
1815 3244 1874 3295 et
1900 3254 1956 3308 ψ
1983 3244 2002 3310 ΙΙ
2030 3247 2135 3295 654
2163 3243 2291 3312 ipsa
2309 3249 2358 3297 A
2384 3245 2405 3315 ΙΙ

375 3312 496 3360 655.
511 3314 616 3361 656
636 3325 735 3363 om.
753 3321 809 3375 ψ
830 3311 963 3377 (Vol.
978 3311 1109 3380 Ay.)
1140 3313 1158 3379 ΙΙ
1187 3316 1290 3363 664
1309 3311 1539 3364 rubores
1558 3328 1625 3366 ex
1642 3311 1861 3366 ruboris
1881 3313 1952 3364 Ει
1969 3313 1989 3385 Η
2006 3318 2108 3366 667
2130 3329 2278 3367 seres
2292 3317 2406 3368 A(²)

373 3377 666 3433 arboribus
705 3396 793 3435 ser
827 3386 870 3432 Ε
899 3383 917 3448 ΙΙ
946 3386 1049 3433 668
1089 3381 1243 3435 colus
1280 3399 1347 3435 ex
1385 3382 1535 3435 colos
1571 3383 1642 3434 13¹
1680 3382 1830 3436 colos
1867 3388 1913 3435 A
1940 3386 1958 3453 ΙΙ
1994 3389 2116 3437 678.
2134 3390 2239 3438 674
2274 3387 2405 3440 huic

372 3449 487 3503 loco
530 3466 738 3517 parum
782 3458 940 3519 aptos
981 3459 1104 3519 post
1138 3470 1185 3505 v.
1217 3457 1312 3504 618
1353 3453 1603 3519 Richter,
1641 3461 1769 3522 post
1805 3458 1910 3506 639
1945 3457 2260 3510 inserendos
2294 3473 2407 3512 esse

375 3518 685 3573 Koetschau
719 3528 892 3576 censet
918 3523 937 3590 ΙΙ
979 3527 1084 3575 676
1121 3525 1307 3575 curret
1342 3528 1388 3575 A
1423 3526 1442 3591 ΙΙ
1477 3529 1581 3576 678
1617 3524 1832 3592 patrios

373 3601 507 3638 axes
545 3592 591 3639 A
617 3592 636 3658 ΙΙ
663 3595 768 3643 679
804 3592 1078 3658 percurrit
1113 3598 1158 3644 A
1185 3595 1203 3661 ΙΙ
1232 3598 1335 3645 680
1372 3593 1485 3663 ign.
1518 3597 1673 3648 secat
1708 3600 1754 3647 A

1835 3540 1943 3592 que
1979 3541 2120 3594 puer
2154 3526 2409 3582 concitat
