2658 4117
406 267 538 330 370
1051 268 1110 321 L.
1142 268 1424 321 ANNAEI
1461 266 1787 322 SENECAE

405 414 780 496 voltumque
828 413 1106 499 mergis?
1152 413 1495 478 Herculem
1543 414 1669 478 dici
1714 418 1898 477 tuum

404 507 661 586 partum
708 504 1072 569 erubescis?
1162 519 1370 566 ALCM.
1419 501 1575 578 Quis
1620 503 1819 566 feram
1867 503 2145 567 mundus
2182 527 2442 588 novam,

405 614 568 675 quae
615 596 784 655 terra
831 593 1094 678 genuit?
1142 592 1394 674 quodve
1440 596 1572 655 tam
1621 592 1830 655 dirum
1876 594 2054 656 nefas
2296 610 2437 659 1350

407 682 484 744 (10
530 685 594 744 te
640 681 1040 765 triumphat?
1086 682 1297 744 victor
1340 680 1693 744 Herculeus
1741 681 1885 763 quis
1934 683 2070 746 est?

404 786 608 833 HERC.
655 768 913 853 Nuptae
961 771 1274 834 iacentem
1324 770 1528 834 cernis
1575 769 1846 834 Alciden
1893 770 2075 835 dolis,

406 875 616 922 ALCM.
666 857 821 934 Quis
868 863 1085 923 tantus
1134 863 1230 923 est
1276 860 1388 940 qui
1434 860 1649 922 vincat
1695 857 1964 923 Alciden
2011 861 2239 924 dolus?

406 964 610 1011 HERC.
660 946 1087 1030 Quicumque,
1132 952 1353 1028 mater,
1398 948 1674 1012 feminae
1719 950 1917 1012 iratae
1965 954 2062 1012 sat
2109 953 2220 1013 est.

408 1053 616 1100 ALCM.
664 1036 751 1100 Et
792 1038 959 1100 unde
1006 1038 1075 1100 in
1119 1041 1294 1101 artus
1342 1038 1540 1120 pestis
1588 1041 1699 1101 aut
1746 1060 1890 1101 ossa
1935 1038 2201 1101 incidit?
2295 1055 2434 1102 1355

405 1142 609 1189 HERC.
656 1123 922 1190 Aditum
969 1127 1230 1189 venenis
1278 1126 1450 1209 palla
1495 1125 1788 1189 femineis
1836 1127 2024 1190 dedit.

408 1230 617 1278 ALCM.
665 1213 945 1278 Vbinam
993 1215 1117 1278 ista
1162 1215 1336 1298 palla
1382 1216 1519 1278 est?
1583 1215 1872 1279 membra
1915 1216 2154 1280 nudata
2200 1216 2432 1281 intuor.

403 1319 607 1367 HERC.
658 1301 1052 1387 Consumpta
1099 1324 1353 1366 mecum
1401 1307 1511 1367 est.
1587 1321 1793 1367 ALCM.
1840 1304 2125 1368 Tantane
2173 1306 2435 1369 inventa

1679 1398 1775 1457 est
1818 1394 2001 1457 lues?

402 1497 605 1544 HERC.
652 1480 882 1545 Errare
928 1482 1154 1545 mediis
1202 1480 1385 1546 crede
1430 1481 1781 1546 visceribus
1827 1484 2012 1565 meis,

405 1592 441 1634 o
490 1574 710 1653 mater,
754 1570 1022 1654 hydram
1071 1574 1135 1634 et
1180 1571 1357 1634 mille
1405 1591 1550 1634 cum
1595 1570 1804 1635 Lerna
1848 1572 2031 1635 feras,
2290 1588 2430 1637 1360

403 1681 566 1741 quae
611 1663 791 1724 tanta
836 1660 1039 1724 nubes
1086 1660 1346 1723 flamma
1394 1657 1678 1723 Sicanias
1726 1664 1921 1742 secat,

403 1771 566 1832 quae
609 1747 886 1813 Lemnos
933 1748 1188 1831 ardenS,
1234 1771 1398 1831 quae
1444 1747 1636 1834 plaga
1680 1750 1940 1833 igniferi
1984 1750 2121 1832 poli

400 1841 624 1901 vetans
670 1838 969 1923 flagranti
1016 1858 1263 1901 currere
1311 1838 1380 1900 111
1425 1859 1584 1901 zona
1631 1838 1842 1901 diem?

400 1927 469 1989 in
513 1928 654 2011 ipsa
700 1950 801 1990 me
846 1928 1105 2010 iactate,
1150 1949 1266 2010 pro
1316 1928 1606 2008 comiteS,
1651 1928 1815 1990 freta

402 2016 772 2101 mediosque
810 2017 878 2080 in
914 2038 1133 2081 anmes
1161 2053 1248 2062 —
1279 2016 1423 2098 quis
1462 2019 1561 2080 sat
1598 2020 1695 2080 est
1730 2015 1953 2080 Hister
1987 2016 2193 2081 mihi?
2287 2033 2426 2083 1365

402 2127 535 2168 11011
582 2105 720 2188 ipse
766 2107 950 2169 terris
998 2107 1203 2169 maior
1249 2103 1539 2169 Oceanus
1588 2127 1765 2169 meos

399 2195 653 2278 franget
698 2216 966 2277 vapores
977 2244 995 2277 ,
1042 2195 1251 2259 omnis
1296 2195 1367 2257 in
1412 2195 1649 2258 nostris
1696 2195 1882 2258 malis

401 2283 652 2347 deficiet
696 2304 901 2366 umor,
948 2284 1156 2347 omnis
1204 2287 1446 2347 arescet
1489 2285 1680 2347 latex.

401 2372 582 2455 quid,
628 2376 837 2435 rector
882 2372 1105 2454 Erebi,
1151 2395 1253 2436 me
1299 2372 1669 2436 remittebas
1717 2370 1900 2435 Iovi?

399 2460 612 2525 decuit
656 2465 896 2544 tenere3
941 2461 1132 2526 redde
1179 2484 1280 2525 me
1327 2461 1607 2525 tenebris
1654 2462 1812 2544 tuis,
2287 2478 2429 2527 1370

397 2551 593 2614 talem
639 2550 920 2614 subactis
968 2550 1309 2615 Herculem
1360 2549 1622 2614 ostende
1668 2550 1904 2613 inferis

398 2640 496 2703 nil
543 2640 689 2703 inde
737 2639 990 2721 ducam,
1038 2640 1192 2722 quid
1237 2641 1425 2703 times
1474 2640 1706 2704 iterum
1752 2637 2140 2703 Herculem?

399 2728 654 2812 invade,
701 2750 873 2792 mors
885 2780 903 2813 ,
947 2751 1078 2793 non
1124 2727 1397 2812 trepida:
1445 2729 1572 2792 iam
1621 2751 1882 2812 possum
1929 2729 2110 2792 mori.

396 2833 604 2881 ALCM.
653 2815 1001 2901 Compesce
1047 2819 1343 2882 lacrimas
1393 2818 1619 2882 saltem
1666 2821 1730 2881 et
1776 2840 2106 2881 aerumnas
2154 2818 2344 2882 doma

398 2907 712 2989 malisque
759 2908 956 2971 tantis
1002 2906 1347 2971 Herculem
1394 2906 1777 2970 indomitum
1825 2906 1990 2970 refer
2286 2924 2424 2972 1375

398 3000 798 3078 mortemque
845 2996 1056 3059 differ:
1106 3018 1265 3079 quos
1314 2995 1509 3079 soleS,
1554 2996 1737 3059 vince
1784 2995 2040 3059 inferos,

538 3211 669 3260 1348
707 3207 1040 3275 uultumque
1068 3205 1274 3275 mergis
1303 3211 1347 3257 Ε
1383 3223 1437 3258 u.
1468 3222 1721 3259 maerens
1749 3210 1794 3257 A
1821 3208 1839 3274 ΙΙ
1866 3211 1999 3258 1350
2038 3206 2297 3274 quodque
2326 3211 2369 3257 Ε
2408 3209 2428 3276 fl

396 3283 529 3332 1354
576 3278 903 3346 cuicumque
940 3295 1011 3331 m.
1050 3277 1262 3331 femina
1297 3278 1445 3330 irata
1484 3294 1523 3330 8.
1565 3293 1608 3330 0.
1658 3282 1701 3330 Ε
1755 3279 1773 3345 ΙΙ
1827 3282 1958 3329 1355
2016 3280 2077 3330 at
2110 3278 2260 3330 unde
2306 3282 2351 3329 A
2406 3280 2426 3347 n

397 3355 530 3403 1356
568 3348 809 3403 feminea
836 3356 878 3402 E
906 3351 924 3418 ΙΙ
952 3354 1082 3402 1357
1122 3349 1248 3418 ipsa
1281 3353 1326 3400 A
1353 3350 1371 3418 ΙΙ
1399 3353 1532 3401 1359
1559 3348 1774 3401 111οᾶ188
1802 3349 1878 3402 N.
1899 3348 2171 3403 Heinsius
2189 3365 2249 3416 p.
2269 3350 2419 3431 2801

398 3422 564 3474 credo
603 3425 648 3472 A
674 3423 692 3489 u
720 3426 845 3473 1361
884 3420 1108 3475 Sicania
1146 3422 1299 3474 secat
1337 3426 1380 3472 Ε
1419 3419 1670 3473 Sicanias
1707 3419 1855 3473 bibit
1891 3425 1936 3472 A
1980 3422 1999 3488 ΙΙ
2043 3425 2178 3473 1362
2213 3418 2423 3473 inferni

394 3509 449 3559 p.
489 3496 534 3543 A
561 3494 579 3558 Η
607 3496 738 3543 1363
775 3494 936 3545 uetat
971 3498 1013 3544 E
1043 3494 1060 3561 ΙΙ
1088 3496 1218 3545 1365
1258 3491 1358 3559 qui
1393 3497 1435 3543 Ε
1463 3494 1482 3559 ΙΙ
1510 3496 1642 3544 1370
1679 3490 1858 3544 teneri
1895 3497 1937 3543 E
1977 3493 1996 3559 ΙΙ
2032 3496 2158 3544 1371
2195 3490 2420 3560 qualem

397 3578 438 3613 8.
477 3561 530 3613 11.
571 3562 827 3615 ostendes
862 3568 905 3615 Ε
933 3565 952 3630 Η
980 3568 1114 3616 1372
1151 3562 1328 3616 nichil
1365 3562 1628 3617 inducam
1664 3568 1707 3615 Ε
1735 3564 1753 3631 ΙΙ
1781 3567 1913 3615 1373
1950 3578 2021 3615 110
2058 3562 2281 3631 trepida
2319 3568 2361 3614 Ε
2403 3562 2422 3633 Η

397 3634 533 3682 1374
571 3646 840 3699 erumpna
875 3638 918 3685 Ε
946 3636 964 3701 ΙΙ
992 3639 1125 3687 1376
1161 3652 1232 3688 111.
1273 3634 1437 3688 1111100
1474 3640 1519 3687 A
1552 3636 1558 3705 Ι
1592 3635 1741 3701 quod
1778 3638 1876 3687 EA
1912 3650 2049 3690 corr.
2079 3645 2134 3700 ψ
