<?xml version="1.0" encoding="UTF-8"?>
<!DOCTYPE html PUBLIC "-//W3C//DTD XHTML 1.0 Transitional//EN"
    "http://www.w3.org/TR/xhtml1/DTD/xhtml1-transitional.dtd">
<html xmlns="http://www.w3.org/1999/xhtml" xml:lang="en" lang="en">
 <head>
  <title>
</title>
<meta http-equiv="Content-Type" content="text/html;charset=utf-8" />
  <meta name='ocr-system' content='tesseract 3.04.00' />
  <meta name='ocr-capabilities' content='ocr_page ocr_carea ocr_par ocr_line ocrx_word'/>
</head>
<body>
  <div class='ocr_page' id='page_1' title='image "./senecaetragoedi00senegoog_0017.png"; bbox 0 0 2658 4117; ppageno 0'>
   <div class='ocr_carea' id='block_1_1' title="bbox 1051 259 2264 315">
    <p class='ocr_par' dir='ltr' id='par_1_1' title="bbox 1051 259 2264 315">
     <span class='ocr_line' id='line_1_1' title="bbox 1051 259 2264 315; baseline 0.002 -2"><span class='ocrx_word' id='word_1_1' title='bbox 1051 259 1461 314; x_wconf 84' lang='lat' dir='ltr'><strong>PRAEFATIO</strong></span> <span class='ocrx_word' id='word_1_2' title='bbox 1739 268 1742 271; x_wconf 83' lang='lat'>&#39;</span> <span class='ocrx_word' id='word_1_3' title='bbox 2185 261 2264 315; x_wconf 77' lang='lat' dir='ltr'><strong>[X</strong></span> 
     </span>
    </p>
   </div>
   <div class='ocr_carea' id='block_1_2' title="bbox 234 411 2277 2977">
    <p class='ocr_par' dir='ltr' id='par_1_2' title="bbox 234 411 2277 2977">
     <span class='ocr_line' id='line_1_2' title="bbox 246 411 2267 488; baseline 0 -19"><span class='ocrx_word' id='word_1_4' title='bbox 246 413 363 488; x_wconf 88' lang='lat' dir='ltr'><strong>ipse</strong></span> <span class='ocrx_word' id='word_1_5' title='bbox 418 412 747 470; x_wconf 75' lang='lat' dir='ltr'><strong>rectissime</strong></span> <span class='ocrx_word' id='word_1_6' title='bbox 807 413 1141 484; x_wconf 75' lang='lat' dir='ltr'><strong>statuisset,</strong></span> <span class='ocrx_word' id='word_1_7' title='bbox 1195 430 1316 470; x_wconf 92' lang='lat' dir='ltr'><strong>non</strong></span> <span class='ocrx_word' id='word_1_8' title='bbox 1370 411 1588 487; x_wconf 90' lang='lat' dir='ltr'><strong>ubique</strong></span> <span class='ocrx_word' id='word_1_9' title='bbox 1641 414 1705 470; x_wconf 91' lang='lat' dir='ltr'><strong>in</strong></span> <span class='ocrx_word' id='word_1_10' title='bbox 1759 413 2046 471; x_wconf 83' lang='lat' dir='ltr'><strong>librorum</strong></span> <span class='ocrx_word' id='word_1_11' title='bbox 2091 412 2267 470; x_wconf 86' lang='lat' dir='ltr'><strong>turba</strong></span> 
     </span>
     <span class='ocr_line' id='line_1_3' title="bbox 249 500 2270 579; baseline -0 -20"><span class='ocrx_word' id='word_1_12' title='bbox 249 500 456 559; x_wconf 85' lang='lat' dir='ltr'><strong>veteris</strong></span> <span class='ocrx_word' id='word_1_13' title='bbox 502 500 958 576; x_wconf 81' lang='lat' dir='ltr'><strong>interpolatoris</strong></span> <span class='ocrx_word' id='word_1_14' title='bbox 996 500 1311 558; x_wconf 88' lang='lat' dir='ltr'><strong>lectionem</strong></span> <span class='ocrx_word' id='word_1_15' title='bbox 1355 501 1653 579; x_wconf 85' lang='lat' dir='ltr'><strong>integram</strong></span> <span class='ocrx_word' id='word_1_16' title='bbox 1690 519 1994 577; x_wconf 88' lang='lat' dir='ltr'><strong>apparere,</strong></span> <span class='ocrx_word' id='word_1_17' title='bbox 2030 502 2270 560; x_wconf 85' lang='lat' dir='ltr'><strong>illorum</strong></span> 
     </span>
     <span class='ocr_line' id='line_1_4' title="bbox 252 589 2267 666; baseline -0 -18"><span class='ocrx_word' id='word_1_18' title='bbox 252 592 398 648; x_wconf 89' lang='lat' dir='ltr'><strong>enim</strong></span> <span class='ocrx_word' id='word_1_19' title='bbox 443 607 728 666; x_wconf 87' lang='lat' dir='ltr'><strong>magnam</strong></span> <span class='ocrx_word' id='word_1_20' title='bbox 782 591 1017 665; x_wconf 88' lang='lat' dir='ltr'><strong>partem</strong></span> <span class='ocrx_word' id='word_1_21' title='bbox 1073 592 1178 647; x_wconf 91' lang='lat' dir='ltr'><strong>aut</strong></span> <span class='ocrx_word' id='word_1_22' title='bbox 1232 589 1496 648; x_wconf 85' lang='lat' dir='ltr'><strong>novicias</strong></span> <span class='ocrx_word' id='word_1_23' title='bbox 1543 591 1766 665; x_wconf 86' lang='lat' dir='ltr'><strong>passim</strong></span> <span class='ocrx_word' id='word_1_24' title='bbox 1810 589 2101 649; x_wconf 85' lang='lat' dir='ltr'><strong>Italorum</strong></span> <span class='ocrx_word' id='word_1_25' title='bbox 2145 608 2267 648; x_wconf 89' lang='lat' dir='ltr'><strong>cor-</strong></span> 
     </span>
     <span class='ocr_line' id='line_1_5' title="bbox 250 677 2270 755; baseline -0 -19"><span class='ocrx_word' id='word_1_26' title='bbox 250 682 504 737; x_wconf 85' lang='lat' dir='ltr'><strong>recturas</strong></span> <span class='ocrx_word' id='word_1_27' title='bbox 569 681 676 736; x_wconf 89' lang='lat' dir='ltr'><strong>aut</strong></span> <span class='ocrx_word' id='word_1_28' title='bbox 734 679 1000 755; x_wconf 89' lang='lat' dir='ltr'><strong>singulas</strong></span> <span class='ocrx_word' id='word_1_29' title='bbox 1056 677 1299 737; x_wconf 86' lang='lat' dir='ltr'><strong>Etrusci</strong></span> <span class='ocrx_word' id='word_1_30' title='bbox 1356 679 1679 753; x_wconf 88' lang='lat' dir='ltr'><strong>scripturas</strong></span> <span class='ocrx_word' id='word_1_31' title='bbox 1741 697 2110 755; x_wconf 90' lang='lat' dir='ltr'><strong>quacumque</strong></span> <span class='ocrx_word' id='word_1_32' title='bbox 2168 680 2270 737; x_wconf 82' lang='lat' dir='ltr'><strong>via</strong></span> 
     </span>
     <span class='ocr_line' id='line_1_6' title="bbox 253 767 2269 844; baseline 0 -19"><span class='ocrx_word' id='word_1_33' title='bbox 253 767 545 825; x_wconf 81' lang='lat' dir='ltr'><strong>derivatas</strong></span> <span class='ocrx_word' id='word_1_34' title='bbox 590 769 654 824; x_wconf 90' lang='lat' dir='ltr'><strong>in</strong></span> <span class='ocrx_word' id='word_1_35' title='bbox 701 783 762 825; x_wconf 90' lang='lat' dir='ltr'><strong>se</strong></span> <span class='ocrx_word' id='word_1_36' title='bbox 807 768 1114 842; x_wconf 80' lang='lat' dir='ltr'><strong>recepisse,</strong></span> <span class='ocrx_word' id='word_1_37' title='bbox 1152 786 1288 825; x_wconf 89' lang='lat' dir='ltr'><strong>cum</strong></span> <span class='ocrx_word' id='word_1_38' title='bbox 1332 767 1561 826; x_wconf 90' lang='lat' dir='ltr'><strong>interea</strong></span> <span class='ocrx_word' id='word_1_39' title='bbox 1604 770 1842 827; x_wconf 86' lang='lat' dir='ltr'><strong>vetusta</strong></span> <span class='ocrx_word' id='word_1_40' title='bbox 1884 767 2269 844; x_wconf 83' lang='lat' dir='ltr'><strong>interpolatio</strong></span> 
     </span>
     <span class='ocr_line' id='line_1_7' title="bbox 254 847 2269 937; baseline -0.001 -22"><span class='ocrx_word' id='word_1_41' title='bbox 254 855 497 915; x_wconf 86' lang='lat' dir='ltr'><strong>subinde</strong></span> <span class='ocrx_word' id='word_1_42' title='bbox 552 857 890 930; x_wconf 86' lang='lat' dir='ltr'><strong>temporum</strong></span> <span class='ocrx_word' id='word_1_43' title='bbox 944 855 1165 915; x_wconf 88' lang='lat' dir='ltr'><strong>iniuria</strong></span> <span class='ocrx_word' id='word_1_44' title='bbox 1216 857 1281 913; x_wconf 92' lang='lat' dir='ltr'><strong>in</strong></span> <span class='ocrx_word' id='word_1_45' title='bbox 1341 858 1509 931; x_wconf 91' lang='lat' dir='ltr'><strong>peius</strong></span> <span class='ocrx_word' id='word_1_46' title='bbox 1558 855 1773 915; x_wconf 89' lang='lat' dir='ltr'><strong>abierit</strong></span> <span class='ocrx_word' id='word_1_47' title='bbox 1819 847 1968 936; x_wconf 92' lang='lat' dir='ltr'><strong>(Leo</strong></span> <span class='ocrx_word' id='word_1_48' title='bbox 1995 856 2044 931; x_wconf 85' lang='grc' dir='ltr'><strong>Ι,</strong></span> <span class='ocrx_word' id='word_1_49' title='bbox 2083 877 2140 933; x_wconf 91' lang='lat' dir='ltr'><strong>p.</strong></span> <span class='ocrx_word' id='word_1_50' title='bbox 2176 847 2269 937; x_wconf 86' lang='lat'><strong>1):</strong></span> 
     </span>
     <span class='ocr_line' id='line_1_8' title="bbox 253 943 2270 1023; baseline 0 -20"><span class='ocrx_word' id='word_1_51' title='bbox 253 964 367 1005; x_wconf 92' lang='lat' dir='ltr'><strong>non</strong></span> <span class='ocrx_word' id='word_1_52' title='bbox 409 945 614 1002; x_wconf 85' lang='lat' dir='ltr'><strong>tamen</strong></span> <span class='ocrx_word' id='word_1_53' title='bbox 651 945 717 1001; x_wconf 93' lang='lat' dir='ltr'><strong>in</strong></span> <span class='ocrx_word' id='word_1_54' title='bbox 760 943 1069 1004; x_wconf 84' lang='lat' dir='ltr'><strong>enotandis</strong></span> <span class='ocrx_word' id='word_1_55' title='bbox 1115 945 1291 1003; x_wconf 90' lang='lat' dir='ltr'><strong>huius</strong></span> <span class='ocrx_word' id='word_1_56' title='bbox 1328 944 1617 1004; x_wconf 83' lang='lat' dir='ltr'><strong>librorum</strong></span> <span class='ocrx_word' id='word_1_57' title='bbox 1652 946 1881 1023; x_wconf 87' lang='lat' dir='ltr'><strong>generis</strong></span> <span class='ocrx_word' id='word_1_58' title='bbox 1917 944 2270 1004; x_wconf 89' lang='lat' dir='ltr'><strong>lectionibus</strong></span> 
     </span>
     <span class='ocr_line' id='line_1_9' title="bbox 250 1033 2272 1112; baseline -0 -21"><span class='ocrx_word' id='word_1_59' title='bbox 250 1033 311 1091; x_wconf 89' lang='lat' dir='ltr'><strong>id</strong></span> <span class='ocrx_word' id='word_1_60' title='bbox 355 1035 704 1093; x_wconf 88' lang='lat' dir='ltr'><strong>consecutus</strong></span> <span class='ocrx_word' id='word_1_61' title='bbox 753 1036 859 1108; x_wconf 90' lang='lat' dir='ltr'><strong>est,</strong></span> <span class='ocrx_word' id='word_1_62' title='bbox 910 1035 981 1091; x_wconf 90' lang='lat' dir='ltr'><strong>ut</strong></span> <span class='ocrx_word' id='word_1_63' title='bbox 1034 1034 1287 1108; x_wconf 87' lang='lat' dir='ltr'><strong>antiqua</strong></span> <span class='ocrx_word' id='word_1_64' title='bbox 1343 1036 1404 1092; x_wconf 90' lang='lat' dir='ltr'><strong>et</strong></span> <span class='ocrx_word' id='word_1_65' title='bbox 1455 1035 1691 1112; x_wconf 87' lang='lat' dir='ltr'><strong>integra</strong></span> <span class='ocrx_word' id='word_1_66' title='bbox 1737 1053 1774 1092; x_wconf 91' lang='lat' dir='ltr'><strong>a</strong></span> <span class='ocrx_word' id='word_1_67' title='bbox 1828 1036 2121 1110; x_wconf 86' lang='lat' dir='ltr'><strong>corruptis</strong></span> <span class='ocrx_word' id='word_1_68' title='bbox 2174 1033 2272 1091; x_wconf 84' lang='lat' dir='ltr'><strong>vel</strong></span> 
     </span>
     <span class='ocr_line' id='line_1_10' title="bbox 252 1111 2271 1198; baseline -0.001 -17"><span class='ocrx_word' id='word_1_69' title='bbox 252 1121 518 1181; x_wconf 89' lang='lat' dir='ltr'><strong>consulto</strong></span> <span class='ocrx_word' id='word_1_70' title='bbox 566 1121 945 1196; x_wconf 89' lang='lat' dir='ltr'><strong>postmodum</strong></span> <span class='ocrx_word' id='word_1_71' title='bbox 989 1111 1363 1198; x_wconf 81' lang='lat' dir='ltr'><strong>interpolatis</strong></span> <span class='ocrx_word' id='word_1_72' title='bbox 1411 1122 1665 1181; x_wconf 87' lang='lat' dir='ltr'><strong>discerni</strong></span> <span class='ocrx_word' id='word_1_73' title='bbox 1711 1125 1773 1182; x_wconf 89' lang='lat' dir='ltr'><strong>et</strong></span> <span class='ocrx_word' id='word_1_74' title='bbox 1816 1124 2082 1198; x_wconf 87' lang='lat' dir='ltr'><strong>separari</strong></span> <span class='ocrx_word' id='word_1_75' title='bbox 2125 1123 2271 1181; x_wconf 87' lang='lat' dir='ltr'><strong>satis</strong></span> 
     </span>
     <span class='ocr_line' id='line_1_11' title="bbox 251 1209 2272 1286; baseline -0.001 -16"><span class='ocrx_word' id='word_1_76' title='bbox 251 1213 523 1270; x_wconf 84' lang='lat' dir='ltr'><strong>accurate</strong></span> <span class='ocrx_word' id='word_1_77' title='bbox 565 1213 821 1285; x_wconf 87' lang='lat' dir='ltr'><strong>possent.</strong></span> <span class='ocrx_word' id='word_1_78' title='bbox 897 1209 1061 1280; x_wconf 83' lang='lat' dir='ltr'><strong>Quae</strong></span> <span class='ocrx_word' id='word_1_79' title='bbox 1099 1230 1234 1269; x_wconf 88' lang='lat' dir='ltr'><strong>cum</strong></span> <span class='ocrx_word' id='word_1_80' title='bbox 1268 1212 1357 1269; x_wconf 89' lang='lat' dir='ltr'><strong>ita</strong></span> <span class='ocrx_word' id='word_1_81' title='bbox 1396 1214 1604 1286; x_wconf 84' lang='lat' dir='ltr'><strong>essent,</strong></span> <span class='ocrx_word' id='word_1_82' title='bbox 1640 1210 1873 1270; x_wconf 71' lang='lat' dir='ltr'><strong>Pmnn</strong></span> <span class='ocrx_word' id='word_1_83' title='bbox 1916 1214 2073 1271; x_wconf 86' lang='lat' dir='ltr'><strong>reete</strong></span> <span class='ocrx_word' id='word_1_84' title='bbox 2116 1210 2272 1269; x_wconf 90' lang='lat' dir='ltr'><strong>iudi—</strong></span> 
     </span>
     <span class='ocr_line' id='line_1_12' title="bbox 248 1298 2271 1378; baseline -0.002 -18"><span class='ocrx_word' id='word_1_85' title='bbox 248 1303 433 1373; x_wconf 84' lang='lat' dir='ltr'><strong>cavit,</strong></span> <span class='ocrx_word' id='word_1_86' title='bbox 485 1301 708 1358; x_wconf 90' lang='lat' dir='ltr'><strong>iterum</strong></span> <span class='ocrx_word' id='word_1_87' title='bbox 761 1299 1008 1358; x_wconf 87' lang='lat' dir='ltr'><strong>edituris</strong></span> <span class='ocrx_word' id='word_1_88' title='bbox 1064 1299 1322 1359; x_wconf 84' lang='lat' dir='ltr'><strong>Senecae</strong></span> <span class='ocrx_word' id='word_1_89' title='bbox 1377 1300 1742 1378; x_wconf 80' lang='lat' dir='ltr'><strong>tragoediaS,</strong></span> <span class='ocrx_word' id='word_1_90' title='bbox 1798 1303 2089 1377; x_wconf 87' lang='lat' dir='ltr'><strong>quantum</strong></span> <span class='ocrx_word' id='word_1_91' title='bbox 2143 1298 2271 1357; x_wconf 89' lang='lat' dir='ltr'><strong>fieri</strong></span> 
     </span>
     <span class='ocr_line' id='line_1_13' title="bbox 247 1382 2273 1466; baseline -0.002 -17"><span class='ocrx_word' id='word_1_92' title='bbox 247 1391 464 1466; x_wconf 91' lang='lat' dir='ltr'><strong>posset,</strong></span> <span class='ocrx_word' id='word_1_93' title='bbox 508 1382 866 1446; x_wconf 87' lang='lat' dir='ltr'><strong>lectionibus</strong></span> <span class='ocrx_word' id='word_1_94' title='bbox 903 1388 960 1446; x_wconf 90' lang='lat' dir='ltr'><strong>A</strong></span> <span class='ocrx_word' id='word_1_95' title='bbox 1003 1390 1221 1448; x_wconf 87' lang='lat' dir='ltr'><strong>rectius</strong></span> <span class='ocrx_word' id='word_1_96' title='bbox 1258 1389 1686 1449; x_wconf 88' lang='lat' dir='ltr'><strong>constituendis</strong></span> <span class='ocrx_word' id='word_1_97' title='bbox 1728 1408 1969 1466; x_wconf 84' lang='lat' dir='ltr'><strong>operam</strong></span> <span class='ocrx_word' id='word_1_98' title='bbox 2016 1387 2273 1446; x_wconf 89' lang='lat' dir='ltr'><strong>dandam</strong></span> 
     </span>
     <span class='ocr_line' id='line_1_14' title="bbox 247 1469 2272 1558; baseline -0.001 -22"><span class='ocrx_word' id='word_1_99' title='bbox 247 1469 454 1558; x_wconf 77' lang='lat' dir='ltr'><strong>fore.*)</strong></span> <span class='ocrx_word' id='word_1_100' title='bbox 546 1476 643 1535; x_wconf 93' lang='lat' dir='ltr'><strong>Ad</strong></span> <span class='ocrx_word' id='word_1_101' title='bbox 662 1472 669 1477; x_wconf 74' lang='grc'><strong>’</strong></span> <span class='ocrx_word' id='word_1_102' title='bbox 687 1477 751 1534; x_wconf 94' lang='lat' dir='ltr'><strong>id</strong></span> <span class='ocrx_word' id='word_1_103' title='bbox 795 1479 1101 1554; x_wconf 84' lang='lat' dir='ltr'><strong>negotium</strong></span> <span class='ocrx_word' id='word_1_104' title='bbox 1143 1480 1302 1537; x_wconf 87' lang='lat' dir='ltr'><strong>recte</strong></span> <span class='ocrx_word' id='word_1_105' title='bbox 1350 1477 1773 1538; x_wconf 89' lang='lat' dir='ltr'><strong>conficiendum</strong></span> <span class='ocrx_word' id='word_1_106' title='bbox 1827 1496 1950 1554; x_wconf 88' lang='lat' dir='ltr'><strong>qua</strong></span> <span class='ocrx_word' id='word_1_107' title='bbox 1993 1479 2094 1536; x_wconf 84' lang='lat' dir='ltr'><strong>via</strong></span> <span class='ocrx_word' id='word_1_108' title='bbox 2139 1495 2272 1552; x_wconf 90' lang='lat' dir='ltr'><strong>pro-</strong></span> 
     </span>
     <span class='ocr_line' id='line_1_15' title="bbox 249 1564 2272 1645; baseline -0.001 -20"><span class='ocrx_word' id='word_1_109' title='bbox 249 1564 640 1645; x_wconf 87' lang='lat' dir='ltr'><strong>grediendum</strong></span> <span class='ocrx_word' id='word_1_110' title='bbox 678 1569 832 1624; x_wconf 91' lang='lat' dir='ltr'><strong>esset</strong></span> <span class='ocrx_word' id='word_1_111' title='bbox 867 1566 931 1623; x_wconf 92' lang='lat' dir='ltr'><strong>in</strong></span> <span class='ocrx_word' id='word_1_112' title='bbox 969 1566 1382 1626; x_wconf 87' lang='lat' dir='ltr'><strong>dissertatione</strong></span> <span class='ocrx_word' id='word_1_113' title='bbox 1413 1568 1574 1627; x_wconf 88' lang='lat' dir='ltr'><strong>infra</strong></span> <span class='ocrx_word' id='word_1_114' title='bbox 1601 1570 2056 1626; x_wconf 88' lang='lat' dir='ltr'><strong>commemorata</strong></span> <span class='ocrx_word' id='word_1_115' title='bbox 2084 1567 2272 1624; x_wconf 84' lang='lat' dir='ltr'><strong>fusius</strong></span> 
     </span>
     <span class='ocr_line' id='line_1_16' title="bbox 249 1654 2274 1733; baseline -0.001 -19"><span class='ocrx_word' id='word_1_116' title='bbox 249 1657 539 1733; x_wconf 85' lang='lat' dir='ltr'><strong>exposuit.</strong></span> <span class='ocrx_word' id='word_1_117' title='bbox 630 1654 956 1732; x_wconf 87' lang='lat' dir='ltr'><strong>Eligendos</strong></span> <span class='ocrx_word' id='word_1_118' title='bbox 1003 1673 1126 1713; x_wconf 90' lang='lat' dir='ltr'><strong>esse</strong></span> <span class='ocrx_word' id='word_1_119' title='bbox 1171 1656 1455 1714; x_wconf 86' lang='lat' dir='ltr'><strong>nimirum</strong></span> <span class='ocrx_word' id='word_1_120' title='bbox 1497 1658 1655 1716; x_wconf 86' lang='lat' dir='ltr'><strong>inter</strong></span> <span class='ocrx_word' id='word_1_121' title='bbox 1698 1655 1879 1715; x_wconf 86' lang='lat' dir='ltr'><strong>libros</strong></span> <span class='ocrx_word' id='word_1_122' title='bbox 1926 1657 2049 1716; x_wconf 88' lang='lat' dir='ltr'><strong>iam</strong></span> <span class='ocrx_word' id='word_1_123' title='bbox 2093 1655 2274 1715; x_wconf 87' lang='lat' dir='ltr'><strong>colla·</strong></span> 
     </span>
     <span class='ocr_line' id='line_1_17' title="bbox 247 1743 2273 1820; baseline -0 -16"><span class='ocrx_word' id='word_1_124' title='bbox 247 1748 359 1819; x_wconf 75' lang='lat' dir='ltr'><strong>toS,</strong></span> <span class='ocrx_word' id='word_1_125' title='bbox 396 1746 499 1819; x_wconf 90' lang='lat' dir='ltr'><strong>qui</strong></span> <span class='ocrx_word' id='word_1_126' title='bbox 537 1746 733 1802; x_wconf 90' lang='lat' dir='ltr'><strong>essent</strong></span> <span class='ocrx_word' id='word_1_127' title='bbox 768 1743 1074 1818; x_wconf 88' lang='lat' dir='ltr'><strong>purissimi</strong></span> <span class='ocrx_word' id='word_1_128' title='bbox 1109 1744 1374 1820; x_wconf 86' lang='lat' dir='ltr'><strong>vulgaris</strong></span> <span class='ocrx_word' id='word_1_129' title='bbox 1411 1746 1765 1804; x_wconf 88' lang='lat' dir='ltr'><strong>recensionis</strong></span> <span class='ocrx_word' id='word_1_130' title='bbox 1801 1747 1981 1805; x_wconf 89' lang='lat' dir='ltr'><strong>testes</strong></span> <span class='ocrx_word' id='word_1_131' title='bbox 2017 1776 2107 1785; x_wconf 96' lang='lat'>—</span> <span class='ocrx_word' id='word_1_132' title='bbox 2141 1744 2273 1803; x_wconf 84' lang='lat' dir='ltr'><strong>vul-</strong></span> 
     </span>
     <span class='ocr_line' id='line_1_18' title="bbox 253 1832 2274 1910; baseline -0 -19"><span class='ocrx_word' id='word_1_133' title='bbox 253 1851 456 1910; x_wconf 84' lang='lat' dir='ltr'><strong>garem</strong></span> <span class='ocrx_word' id='word_1_134' title='bbox 500 1851 609 1907; x_wconf 92' lang='lat' dir='ltr'><strong>pro</strong></span> <span class='ocrx_word' id='word_1_135' title='bbox 656 1832 1021 1909; x_wconf 85' lang='lat' dir='ltr'><strong>interpolata</strong></span> <span class='ocrx_word' id='word_1_136' title='bbox 1069 1851 1281 1908; x_wconf 88' lang='lat' dir='ltr'><strong>parum</strong></span> <span class='ocrx_word' id='word_1_137' title='bbox 1333 1835 1491 1892; x_wconf 89' lang='lat' dir='ltr'><strong>recte</strong></span> <span class='ocrx_word' id='word_1_138' title='bbox 1548 1834 1814 1909; x_wconf 88' lang='lat' dir='ltr'><strong>appellat</strong></span> <span class='ocrx_word' id='word_1_139' title='bbox 1858 1864 1947 1874; x_wconf 91' lang='lat'><strong>-—</strong></span> <span class='ocrx_word' id='word_1_140' title='bbox 1993 1852 2274 1908; x_wconf 88' lang='lat' dir='ltr'><strong>quaeren-</strong></span> 
     </span>
     <span class='ocr_line' id='line_1_19' title="bbox 247 1921 2273 1998; baseline -0.001 -17"><span class='ocrx_word' id='word_1_141' title='bbox 247 1921 473 1997; x_wconf 83' lang='lat' dir='ltr'><strong>dasque</strong></span> <span class='ocrx_word' id='word_1_142' title='bbox 530 1922 656 1979; x_wconf 91' lang='lat' dir='ltr'><strong>eius</strong></span> <span class='ocrx_word' id='word_1_143' title='bbox 711 1921 944 1998; x_wconf 87' lang='lat' dir='ltr'><strong>generis</strong></span> <span class='ocrx_word' id='word_1_144' title='bbox 991 1938 1175 1980; x_wconf 85' lang='lat' dir='ltr'><strong>novas</strong></span> <span class='ocrx_word' id='word_1_145' title='bbox 1221 1923 1439 1998; x_wconf 90' lang='lat' dir='ltr'><strong>copias.</strong></span> <span class='ocrx_word' id='word_1_146' title='bbox 1530 1921 1619 1980; x_wconf 91' lang='lat' dir='ltr'><strong>Ac</strong></span> <span class='ocrx_word' id='word_1_147' title='bbox 1673 1922 1989 1998; x_wconf 86' lang='lat' dir='ltr'><strong>reprobato</strong></span> <span class='ocrx_word' id='word_1_148' title='bbox 2042 1921 2273 1979; x_wconf 74' lang='lat' dir='ltr'><strong>Lnoms</strong></span> 
     </span>
     <span class='ocr_line' id='line_1_20' title="bbox 244 2007 2275 2086; baseline -0 -16"><span class='ocrx_word' id='word_1_149' title='bbox 244 2011 470 2071; x_wconf 86' lang='lat' dir='ltr'><strong>iudicio</strong></span> <span class='ocrx_word' id='word_1_150' title='bbox 518 2009 591 2069; x_wconf 92' lang='lat' dir='ltr'><strong>de</strong></span> <span class='ocrx_word' id='word_1_151' title='bbox 636 2009 806 2070; x_wconf 87' lang='lat' dir='ltr'><strong>libris</strong></span> <span class='ocrx_word' id='word_1_152' title='bbox 861 2011 927 2068; x_wconf 90' lang='lat' dir='ltr'><strong>in</strong></span> <span class='ocrx_word' id='word_1_153' title='bbox 983 2007 1235 2070; x_wconf 84' lang='lat' dir='ltr'><strong>Octavia</strong></span> <span class='ocrx_word' id='word_1_154' title='bbox 1289 2009 1703 2071; x_wconf 87' lang='lat' dir='ltr'><strong>constituenda</strong></span> <span class='ocrx_word' id='word_1_155' title='bbox 1757 2010 2040 2070; x_wconf 85' lang='lat' dir='ltr'><strong>adhibitis</strong></span> <span class='ocrx_word' id='word_1_156' title='bbox 2096 2010 2275 2086; x_wconf 78' lang='lat' dir='ltr'><strong>edito,</strong></span> 
     </span>
     <span class='ocr_line' id='line_1_21' title="bbox 250 2098 2274 2177; baseline -0 -19"><span class='ocrx_word' id='word_1_157' title='bbox 250 2104 380 2177; x_wconf 88' lang='lat' dir='ltr'><strong>ipse</strong></span> <span class='ocrx_word' id='word_1_158' title='bbox 428 2100 697 2176; x_wconf 88' lang='lat' dir='ltr'><strong>palmam</strong></span> <span class='ocrx_word' id='word_1_159' title='bbox 740 2101 900 2158; x_wconf 88' lang='lat' dir='ltr'><strong>inter</strong></span> <span class='ocrx_word' id='word_1_160' title='bbox 946 2118 1145 2159; x_wconf 91' lang='lat' dir='ltr'><strong>omnes</strong></span> <span class='ocrx_word' id='word_1_161' title='bbox 1184 2120 1436 2175; x_wconf 86' lang='lat' dir='ltr'><strong>quorum</strong></span> <span class='ocrx_word' id='word_1_162' title='bbox 1478 2100 1761 2159; x_wconf 89' lang='lat' dir='ltr'><strong>lectiones</strong></span> <span class='ocrx_word' id='word_1_163' title='bbox 1806 2101 2131 2176; x_wconf 90' lang='lat' dir='ltr'><strong>proposuit,</strong></span> <span class='ocrx_word' id='word_1_164' title='bbox 2177 2098 2274 2157; x_wconf 91' lang='lat' dir='ltr'><strong>de-</strong></span> 
     </span>
     <span class='ocr_line' id='line_1_22' title="bbox 243 2180 2277 2270; baseline -0 -23"><span class='ocrx_word' id='word_1_165' title='bbox 243 2189 373 2249; x_wconf 90' lang='lat' dir='ltr'><strong>beri</strong></span> <span class='ocrx_word' id='word_1_166' title='bbox 410 2189 567 2248; x_wconf 90' lang='lat' dir='ltr'><strong>libro</strong></span> <span class='ocrx_word' id='word_1_167' title='bbox 603 2188 1027 2249; x_wconf 89' lang='lat' dir='ltr'><strong>Malatestiano</strong></span> <span class='ocrx_word' id='word_1_168' title='bbox 1057 2180 1157 2268; x_wconf 86' lang='lat' dir='ltr'><strong>(D.</strong></span> <span class='ocrx_word' id='word_1_169' title='bbox 1188 2190 1260 2248; x_wconf 84' lang='lat' dir='ltr'><strong>cf.</strong></span> <span class='ocrx_word' id='word_1_170' title='bbox 1289 2190 1410 2248; x_wconf 93' lang='lat' dir='ltr'><strong>Leo</strong></span> <span class='ocrx_word' id='word_1_171' title='bbox 1439 2189 1503 2247; x_wconf 93' lang='lat' dir='ltr'><strong>II</strong></span> <span class='ocrx_word' id='word_1_172' title='bbox 1533 2191 1658 2248; x_wconf 87' lang='lat'><strong>339</strong></span> <span class='ocrx_word' id='word_1_173' title='bbox 1680 2180 1794 2270; x_wconf 90' lang='lat' dir='ltr'><strong>sq.)</strong></span> <span class='ocrx_word' id='word_1_174' title='bbox 1832 2190 2019 2248; x_wconf 89' lang='lat' dir='ltr'><strong>nimia</strong></span> <span class='ocrx_word' id='word_1_175' title='bbox 2065 2189 2277 2265; x_wconf 89' lang='lat' dir='ltr'><strong>opinor</strong></span> 
     </span>
     <span class='ocr_line' id='line_1_23' title="bbox 244 2275 2274 2355; baseline -0 -20"><span class='ocrx_word' id='word_1_176' title='bbox 244 2278 470 2337; x_wconf 90' lang='lat' dir='ltr'><strong>fiducia</strong></span> <span class='ocrx_word' id='word_1_177' title='bbox 532 2278 763 2336; x_wconf 88' lang='lat' dir='ltr'><strong>statuit.</strong></span> <span class='ocrx_word' id='word_1_178' title='bbox 868 2275 1016 2336; x_wconf 81' lang='lat' dir='ltr'><strong>Cum</strong></span> <span class='ocrx_word' id='word_1_179' title='bbox 1073 2278 1184 2338; x_wconf 90' lang='lat' dir='ltr'><strong>hoc</strong></span> <span class='ocrx_word' id='word_1_180' title='bbox 1245 2279 1546 2338; x_wconf 89' lang='lat' dir='ltr'><strong>artissimo</strong></span> <span class='ocrx_word' id='word_1_181' title='bbox 1605 2278 1975 2355; x_wconf 86' lang='lat' dir='ltr'><strong>cognationis</strong></span> <span class='ocrx_word' id='word_1_182' title='bbox 2033 2276 2274 2336; x_wconf 83' lang='lat' dir='ltr'><strong>vinculo</strong></span> 
     </span>
     <span class='ocr_line' id='line_1_24' title="bbox 243 2358 2276 2448; baseline -0.002 -22"><span class='ocrx_word' id='word_1_183' title='bbox 243 2368 566 2426; x_wconf 84' lang='lat' dir='ltr'><strong>cohaerere</strong></span> <span class='ocrx_word' id='word_1_184' title='bbox 630 2366 777 2425; x_wconf 87' lang='lat' dir='ltr'><strong>dicit</strong></span> <span class='ocrx_word' id='word_1_185' title='bbox 838 2367 1318 2445; x_wconf 87' lang='lat' dir='ltr'><strong>Rehdigeranum</strong></span> <span class='ocrx_word' id='word_1_186' title='bbox 1385 2370 1467 2427; x_wconf 91' lang='lat'><strong>10</strong></span> <span class='ocrx_word' id='word_1_187' title='bbox 1543 2360 1727 2448; x_wconf 89' lang='lat' dir='ltr'><strong>(nunc</strong></span> <span class='ocrx_word' id='word_1_188' title='bbox 1788 2367 1893 2426; x_wconf 90' lang='lat' dir='ltr'><strong>lat.</strong></span> <span class='ocrx_word' id='word_1_189' title='bbox 1962 2358 2146 2446; x_wconf 84' lang='grc'>118),</span> <span class='ocrx_word' id='word_1_190' title='bbox 2212 2365 2276 2423; x_wconf 92' lang='lat' dir='ltr'><strong>id</strong></span> 
     </span>
     <span class='ocr_line' id='line_1_25' title="bbox 245 2454 2276 2533; baseline -0.001 -19"><span class='ocrx_word' id='word_1_191' title='bbox 245 2456 408 2533; x_wconf 89' lang='lat' dir='ltr'><strong>quod</strong></span> <span class='ocrx_word' id='word_1_192' title='bbox 467 2456 646 2514; x_wconf 88' lang='lat' dir='ltr'><strong>certis</strong></span> <span class='ocrx_word' id='word_1_193' title='bbox 701 2456 1055 2531; x_wconf 86' lang='lat' dir='ltr'><strong>quibusdam</strong></span> <span class='ocrx_word' id='word_1_194' title='bbox 1109 2456 1347 2515; x_wconf 90' lang='lat' dir='ltr'><strong>indiciis</strong></span> <span class='ocrx_word' id='word_1_195' title='bbox 1400 2459 1460 2515; x_wconf 90' lang='lat' dir='ltr'><strong>et</strong></span> <span class='ocrx_word' id='word_1_196' title='bbox 1519 2457 1878 2533; x_wconf 86' lang='lat' dir='ltr'><strong>argumentis</strong></span> <span class='ocrx_word' id='word_1_197' title='bbox 1930 2454 2276 2514; x_wconf 86' lang='lat' dir='ltr'><strong>confirmare</strong></span> 
     </span>
     <span class='ocr_line' id='line_1_26' title="bbox 241 2537 2277 2620; baseline -0.002 -16"><span class='ocrx_word' id='word_1_198' title='bbox 241 2545 471 2604; x_wconf 86' lang='lat' dir='ltr'><strong>studet.</strong></span> <span class='ocrx_word' id='word_1_199' title='bbox 546 2543 909 2604; x_wconf 87' lang='lat' dir='ltr'><strong>Mentionem</strong></span> <span class='ocrx_word' id='word_1_200' title='bbox 956 2563 1024 2604; x_wconf 94' lang='lat' dir='ltr'><strong>eo</strong></span> <span class='ocrx_word' id='word_1_201' title='bbox 1070 2545 1201 2605; x_wconf 88' lang='lat' dir='ltr'><strong>loco</strong></span> <span class='ocrx_word' id='word_1_202' title='bbox 1246 2545 1397 2603; x_wconf 88' lang='lat' dir='ltr'><strong>facit</strong></span> <span class='ocrx_word' id='word_1_203' title='bbox 1440 2537 1716 2603; x_wconf 74' lang='lat' dir='ltr'><strong>N100LA1&#39;</strong></span> <span class='ocrx_word' id='word_1_204' title='bbox 1746 2545 2041 2610; x_wconf 17' lang='lat' dir='ltr'><strong>TREVEATH</strong></span> <span class='ocrx_word' id='word_1_205' title='bbox 2075 2541 2277 2620; x_wconf 80' lang='lat' dir='ltr'><strong>Angli,</strong></span> 
     </span>
     <span class='ocr_line' id='line_1_27' title="bbox 240 2630 2277 2711; baseline -0.001 -18"><span class='ocrx_word' id='word_1_206' title='bbox 240 2654 428 2709; x_wconf 89' lang='lat' dir='ltr'><strong>quem</strong></span> <span class='ocrx_word' id='word_1_207' title='bbox 477 2630 737 2692; x_wconf 87' lang='lat' dir='ltr'><strong>Senecae</strong></span> <span class='ocrx_word' id='word_1_208' title='bbox 770 2634 1108 2711; x_wconf 87' lang='lat' dir='ltr'><strong>tragoedias</strong></span> <span class='ocrx_word' id='word_1_209' title='bbox 1156 2635 1370 2710; x_wconf 88' lang='lat' dir='ltr'><strong>amplis</strong></span> <span class='ocrx_word' id='word_1_210' title='bbox 1409 2635 1844 2693; x_wconf 88' lang='lat' dir='ltr'><strong>commentariis</strong></span> <span class='ocrx_word' id='word_1_211' title='bbox 1880 2633 2277 2692; x_wconf 83' lang='lat' dir='ltr'><strong>illustravisse</strong></span> 
     </span>
     <span class='ocr_line' id='line_1_28' title="bbox 237 2715 2274 2803; baseline -0.002 -22"><span class='ocrx_word' id='word_1_212' title='bbox 237 2742 365 2781; x_wconf 89' lang='lat' dir='ltr'><strong>uno</strong></span> <span class='ocrx_word' id='word_1_213' title='bbox 432 2720 592 2780; x_wconf 90' lang='lat' dir='ltr'><strong>libro</strong></span> <span class='ocrx_word' id='word_1_214' title='bbox 649 2721 920 2780; x_wconf 89' lang='lat' dir='ltr'><strong>adiutum</strong></span> <span class='ocrx_word' id='word_1_215' title='bbox 975 2725 1224 2781; x_wconf 88' lang='lat' dir='ltr'><strong>constat.</strong></span> <span class='ocrx_word' id='word_1_216' title='bbox 1319 2715 1436 2803; x_wconf 82' lang='lat' dir='ltr'><strong>(Of.</strong></span> <span class='ocrx_word' id='word_1_217' title='bbox 1484 2722 1696 2799; x_wconf 90' lang='lat' dir='ltr'><strong>Peiper</strong></span> <span class='ocrx_word' id='word_1_218' title='bbox 1740 2743 1796 2799; x_wconf 90' lang='lat' dir='ltr'><strong>p.</strong></span> <span class='ocrx_word' id='word_1_219' title='bbox 1828 2722 1865 2781; x_wconf 85' lang='lat'>5</span> <span class='ocrx_word' id='word_1_220' title='bbox 1888 2740 1993 2797; x_wconf 88' lang='lat' dir='ltr'><strong>sq.,</strong></span> <span class='ocrx_word' id='word_1_221' title='bbox 2041 2723 2103 2780; x_wconf 90' lang='lat' dir='ltr'><strong>et</strong></span> <span class='ocrx_word' id='word_1_222' title='bbox 2146 2722 2274 2779; x_wconf 84' lang='lat' dir='ltr'><strong>crit.</strong></span> 
     </span>
     <span class='ocr_line' id='line_1_29' title="bbox 240 2804 2277 2892; baseline -0.002 -21"><span class='ocrx_word' id='word_1_223' title='bbox 240 2812 637 2888; x_wconf 69' lang='lat' dir='ltr'><strong>quaestiones</strong></span> <span class='ocrx_word' id='word_1_224' title='bbox 672 2829 833 2870; x_wconf 90' lang='lat' dir='ltr'><strong>meas</strong></span> <span class='ocrx_word' id='word_1_225' title='bbox 862 2830 918 2886; x_wconf 90' lang='lat' dir='ltr'><strong>p.</strong></span> <span class='ocrx_word' id='word_1_226' title='bbox 954 2814 1030 2870; x_wconf 94' lang='lat'><strong>11</strong></span> <span class='ocrx_word' id='word_1_227' title='bbox 1055 2804 1172 2892; x_wconf 84' lang='lat' dir='ltr'><strong>sq.)</strong></span> <span class='ocrx_word' id='word_1_228' title='bbox 1235 2810 1367 2872; x_wconf 90' lang='lat' dir='ltr'><strong>Hoc</strong></span> <span class='ocrx_word' id='word_1_229' title='bbox 1403 2811 1642 2887; x_wconf 89' lang='lat' dir='ltr'><strong>quidem</strong></span> <span class='ocrx_word' id='word_1_230' title='bbox 1680 2811 1977 2887; x_wconf 85' lang='lat' dir='ltr'><strong>exemplar</strong></span> <span class='ocrx_word' id='word_1_231' title='bbox 2013 2808 2277 2869; x_wconf 84' lang='lat' dir='ltr'><strong>Gallicae</strong></span> 
     </span>
     <span class='ocr_line' id='line_1_30' title="bbox 234 2898 2277 2977; baseline -0.001 -18"><span class='ocrx_word' id='word_1_232' title='bbox 234 2901 437 2960; x_wconf 85' lang='lat' dir='ltr'><strong>fuisse</strong></span> <span class='ocrx_word' id='word_1_233' title='bbox 493 2899 740 2977; x_wconf 86' lang='lat' dir='ltr'><strong>originis</strong></span> <span class='ocrx_word' id='word_1_234' title='bbox 798 2900 998 2975; x_wconf 89' lang='lat' dir='ltr'><strong>eisque</strong></span> <span class='ocrx_word' id='word_1_235' title='bbox 1050 2900 1220 2959; x_wconf 87' lang='lat' dir='ltr'><strong>libris</strong></span> <span class='ocrx_word' id='word_1_236' title='bbox 1276 2900 1482 2959; x_wconf 88' lang='lat' dir='ltr'><strong>eadem</strong></span> <span class='ocrx_word' id='word_1_237' title='bbox 1536 2898 1733 2959; x_wconf 83' lang='lat' dir='ltr'><strong>Gallia</strong></span> <span class='ocrx_word' id='word_1_238' title='bbox 1786 2898 2068 2973; x_wconf 81' lang='lat' dir='ltr'><strong>oriundiS,</strong></span> <span class='ocrx_word' id='word_1_239' title='bbox 2122 2898 2277 2957; x_wconf 92' lang='lat' dir='ltr'><strong>unde</strong></span> 
     </span>
    </p>
   </div>
   <div class='ocr_carea' id='block_1_3' title="bbox 233 2988 2405 3067">
    <p class='ocr_par' dir='ltr' id='par_1_3' title="bbox 233 2988 2405 3067">
     <span class='ocr_line' id='line_1_31' title="bbox 233 2988 2405 3067; baseline -0.001 -20"><span class='ocrx_word' id='word_1_240' title='bbox 233 2989 551 3065; x_wconf 87' lang='lat' dir='ltr'><strong>florilegia</strong></span> <span class='ocrx_word' id='word_1_241' title='bbox 597 2988 891 3064; x_wconf 90' lang='lat' dir='ltr'><strong>quaedam</strong></span> <span class='ocrx_word' id='word_1_242' title='bbox 937 2991 997 3047; x_wconf 89' lang='lat' dir='ltr'><strong>et</strong></span> <span class='ocrx_word' id='word_1_243' title='bbox 1043 2988 1281 3066; x_wconf 92' lang='lat' dir='ltr'><strong>eclogae</strong></span> <span class='ocrx_word' id='word_1_244' title='bbox 1324 2988 1768 3067; x_wconf 86' lang='lat' dir='ltr'><strong>tragoediarum</strong></span> <span class='ocrx_word' id='word_1_245' title='bbox 1814 2990 2135 3047; x_wconf 88' lang='lat' dir='ltr'><strong>sententias</strong></span> <span class='ocrx_word' id='word_1_246' title='bbox 2184 3007 2277 3046; x_wconf 81' lang='lat' dir='ltr'><strong>ex·</strong></span> <span class='ocrx_word' id='word_1_247' title='bbox 2395 3006 2405 3026; x_wconf 65' lang='lat'><em>1</em></span> 
     </span>
    </p>
   </div>
   <div class='ocr_carea' id='block_1_4' title="bbox 232 3077 2280 3331">
    <p class='ocr_par' dir='ltr' id='par_1_4' title="bbox 232 3077 2280 3331">
     <span class='ocr_line' id='line_1_32' title="bbox 233 3077 2278 3156; baseline -0.001 -19"><span class='ocrx_word' id='word_1_248' title='bbox 233 3081 485 3156; x_wconf 86' lang='lat' dir='ltr'><strong>cerptas</strong></span> <span class='ocrx_word' id='word_1_249' title='bbox 531 3077 837 3153; x_wconf 87' lang='lat' dir='ltr'><strong>praebent,</strong></span> <span class='ocrx_word' id='word_1_250' title='bbox 884 3080 1216 3155; x_wconf 87' lang='lat' dir='ltr'><strong>cognatum.</strong></span> <span class='ocrx_word' id='word_1_251' title='bbox 1307 3077 1439 3137; x_wconf 90' lang='lat' dir='ltr'><strong>Iam</strong></span> <span class='ocrx_word' id='word_1_252' title='bbox 1492 3077 1689 3156; x_wconf 65' lang='lat' dir='ltr'><strong>igitur,</strong></span> <span class='ocrx_word' id='word_1_253' title='bbox 1721 3078 1832 3137; x_wconf 89' lang='lat' dir='ltr'><strong>hoc</strong></span> <span class='ocrx_word' id='word_1_254' title='bbox 1878 3078 2063 3136; x_wconf 85' lang='lat' dir='ltr'><strong>statui</strong></span> <span class='ocrx_word' id='word_1_255' title='bbox 2107 3093 2278 3153; x_wconf 91' lang='lat' dir='ltr'><strong>posse</strong></span> 
     </span>
     <span class='ocr_line' id='line_1_33' title="bbox 233 3160 2280 3244; baseline -0.003 -17"><span class='ocrx_word' id='word_1_256' title='bbox 233 3170 476 3227; x_wconf 88' lang='lat' dir='ltr'><strong>censet:</strong></span> <span class='ocrx_word' id='word_1_257' title='bbox 545 3160 768 3226; x_wconf 73' lang='lat' dir='ltr'><strong>‘multo</strong></span> <span class='ocrx_word' id='word_1_258' title='bbox 825 3169 963 3225; x_wconf 88' lang='lat' dir='ltr'><strong>ante</strong></span> <span class='ocrx_word' id='word_1_259' title='bbox 1019 3185 1062 3226; x_wconf 91' lang='lat' dir='ltr'><strong>s.</strong></span> <span class='ocrx_word' id='word_1_260' title='bbox 1111 3166 1260 3224; x_wconf 89' lang='lat' dir='ltr'>XIII</span> <span class='ocrx_word' id='word_1_261' title='bbox 1312 3165 1464 3225; x_wconf 92' lang='lat' dir='ltr'><strong>med.</strong></span> <span class='ocrx_word' id='word_1_262' title='bbox 1519 3166 1963 3244; x_wconf 84' lang='lat' dir='ltr'><strong>tragoediarum</strong></span> <span class='ocrx_word' id='word_1_263' title='bbox 2019 3166 2280 3225; x_wconf 90' lang='lat' dir='ltr'><strong>codicem</strong></span> 
     </span>
     <span class='ocr_line' id='line_1_34' title="bbox 232 3253 2280 3331; baseline -0.001 -16"><span class='ocrx_word' id='word_1_264' title='bbox 232 3257 515 3331; x_wconf 85' lang='lat' dir='ltr'><strong>aliquem</strong></span> <span class='ocrx_word' id='word_1_265' title='bbox 554 3274 623 3315; x_wconf 83' lang='lat' dir='ltr'><strong>ex</strong></span> <span class='ocrx_word' id='word_1_266' title='bbox 661 3254 845 3315; x_wconf 82' lang='lat' dir='ltr'><strong>Italia</strong></span> <span class='ocrx_word' id='word_1_267' title='bbox 890 3256 954 3312; x_wconf 92' lang='lat' dir='ltr'><strong>in</strong></span> <span class='ocrx_word' id='word_1_268' title='bbox 992 3253 1250 3314; x_wconf 83' lang='lat' dir='ltr'><strong>Galliam</strong></span> <span class='ocrx_word' id='word_1_269' title='bbox 1283 3255 1644 3314; x_wconf 87' lang='lat' dir='ltr'><strong>translatum</strong></span> <span class='ocrx_word' id='word_1_270' title='bbox 1681 3273 1805 3314; x_wconf 91' lang='lat' dir='ltr'><strong>esse</strong></span> <span class='ocrx_word' id='word_1_271' title='bbox 1840 3255 2044 3330; x_wconf 90' lang='lat' dir='ltr'><strong>ibique</strong></span> <span class='ocrx_word' id='word_1_272' title='bbox 2082 3254 2280 3313; x_wconf 88' lang='lat' dir='ltr'><strong>arche—</strong></span> 
     </span>
    </p>
   </div>
   <div class='ocr_carea' id='block_1_5' title="bbox 226 3359 681 3369">
    <p class='ocr_par' dir='ltr' id='par_1_5' title="bbox 226 3359 681 3369">
     <span class='ocr_line' id='line_1_35' title="bbox 226 3359 681 3369; baseline 0 748"><span class='ocrx_word' id='word_1_273' title='bbox 226 3359 681 3369; x_wconf 95' lang='lat' dir='ltr'><strong> </strong></span> 
     </span>
    </p>
   </div>
   <div class='ocr_carea' id='block_1_6' title="bbox 227 3404 2280 3690">
    <p class='ocr_par' dir='ltr' id='par_1_6' title="bbox 227 3404 2280 3690">
     <span class='ocr_line' id='line_1_36' title="bbox 386 3404 2278 3479; baseline -0.003 -18"><span class='ocrx_word' id='word_1_274' title='bbox 386 3410 438 3479; x_wconf 79' lang='grc'><strong>*)</strong></span> <span class='ocrx_word' id='word_1_275' title='bbox 474 3408 541 3461; x_wconf 82' lang='lat' dir='ltr'><strong>R.</strong></span> <span class='ocrx_word' id='word_1_276' title='bbox 572 3405 794 3476; x_wconf 88' lang='lat' dir='ltr'><strong>Peiper,</strong></span> <span class='ocrx_word' id='word_1_277' title='bbox 833 3405 917 3459; x_wconf 92' lang='lat' dir='ltr'><strong>De</strong></span> <span class='ocrx_word' id='word_1_278' title='bbox 947 3404 1188 3459; x_wconf 85' lang='lat' dir='ltr'><strong>Senecae</strong></span> <span class='ocrx_word' id='word_1_279' title='bbox 1215 3406 1635 3476; x_wconf 87' lang='lat' dir='ltr'><strong>tragoediarum</strong></span> <span class='ocrx_word' id='word_1_280' title='bbox 1670 3405 1891 3477; x_wconf 87' lang='lat' dir='ltr'><strong>vulgari</strong></span> <span class='ocrx_word' id='word_1_281' title='bbox 1919 3406 2162 3460; x_wconf 85' lang='lat' dir='ltr'><strong>lectione</strong></span> <span class='ocrx_word' id='word_1_282' title='bbox 2190 3404 2278 3474; x_wconf 91' lang='lat' dir='ltr'><strong>(A)</strong></span> 
     </span>
     <span class='ocr_line' id='line_1_37' title="bbox 228 3475 2280 3546; baseline -0.004 -11"><span class='ocrx_word' id='word_1_283' title='bbox 228 3479 665 3535; x_wconf 84' lang='lat' dir='ltr'><strong>constituenda.</strong></span> <span class='ocrx_word' id='word_1_284' title='bbox 690 3475 1164 3532; x_wconf 84' lang='lat' dir='ltr'><strong>Sonderabdruck</strong></span> <span class='ocrx_word' id='word_1_285' title='bbox 1183 3493 1284 3529; x_wconf 89' lang='lat' dir='ltr'><strong>aus</strong></span> <span class='ocrx_word' id='word_1_286' title='bbox 1314 3476 1414 3531; x_wconf 89' lang='lat' dir='ltr'><strong>der</strong></span> <span class='ocrx_word' id='word_1_287' title='bbox 1431 3476 1764 3530; x_wconf 80' lang='lat' dir='ltr'><strong>Festschrift</strong></span> <span class='ocrx_word' id='word_1_288' title='bbox 1790 3495 1888 3530; x_wconf 85' lang='lat' dir='ltr'><strong>zur</strong></span> <span class='ocrx_word' id='word_1_289' title='bbox 1906 3482 2011 3531; x_wconf 83' lang='grc'><strong>250</strong></span> <span class='ocrx_word' id='word_1_290' title='bbox 2014 3476 2039 3546; x_wconf 85' lang='lat' dir='ltr'><strong>j</strong></span> <span class='ocrx_word' id='word_1_291' title='bbox 2046 3476 2280 3546; x_wconf 77' lang='lat' dir='ltr'><strong>‘abrigen</strong></span> 
     </span>
     <span class='ocr_line' id='line_1_38' title="bbox 227 3545 2277 3617; baseline -0.003 -13"><span class='ocrx_word' id='word_1_292' title='bbox 227 3550 562 3605; x_wconf 85' lang='lat' dir='ltr'><strong>Jubelfeier</strong></span> <span class='ocrx_word' id='word_1_293' title='bbox 591 3549 690 3604; x_wconf 87' lang='lat' dir='ltr'><strong>des</strong></span> <span class='ocrx_word' id='word_1_294' title='bbox 721 3547 1118 3616; x_wconf 83' lang='lat' dir='ltr'><strong>Gymnasiums</strong></span> <span class='ocrx_word' id='word_1_295' title='bbox 1147 3565 1215 3600; x_wconf 86' lang='lat' dir='ltr'><strong>zu</strong></span> <span class='ocrx_word' id='word_1_296' title='bbox 1245 3547 1323 3601; x_wconf 88' lang='lat' dir='ltr'><strong>St.</strong></span> <span class='ocrx_word' id='word_1_297' title='bbox 1355 3546 1538 3601; x_wconf 87' lang='lat' dir='ltr'><strong>Maria</strong></span> <span class='ocrx_word' id='word_1_298' title='bbox 1564 3547 1907 3617; x_wconf 84' lang='lat' dir='ltr'><strong>Magdalena</strong></span> <span class='ocrx_word' id='word_1_299' title='bbox 1935 3565 2002 3600; x_wconf 88' lang='lat' dir='ltr'><strong>zu</strong></span> <span class='ocrx_word' id='word_1_300' title='bbox 2030 3545 2277 3600; x_wconf 88' lang='lat' dir='ltr'><strong>Breslau.</strong></span> 
     </span>
     <span class='ocr_line' id='line_1_39' title="bbox 228 3622 1321 3690; baseline -0.003 -13"><span class='ocrx_word' id='word_1_301' title='bbox 228 3622 482 3677; x_wconf 85' lang='lat' dir='ltr'><strong>Breslau</strong></span> <span class='ocrx_word' id='word_1_302' title='bbox 521 3626 680 3676; x_wconf 84' lang='lat'><strong>1893.</strong></span> <span class='ocrx_word' id='word_1_303' title='bbox 719 3638 777 3690; x_wconf 89' lang='lat' dir='ltr'><strong>p.</strong></span> <span class='ocrx_word' id='word_1_304' title='bbox 808 3624 858 3672; x_wconf 84' lang='lat'><strong>3.</strong></span> <span class='ocrx_word' id='word_1_305' title='bbox 1318 3671 1321 3674; x_wconf 88' lang='lat'><strong>.</strong></span> 
     </span>
    </p>
   </div>
  </div>
 </body>
</html>
