2658 4117
939 274 942 277 ·
1072 248 1407 303 TROADES
2164 247 2247 312 81

231 419 415 461 suam
461 395 811 477 vocabunt,
854 399 921 458 te
968 394 1181 457 datam
1229 393 1476 477 Pyrrho
1525 414 1704 457 socer
1815 410 1819 412 ’

226 486 459 550 Peleus
505 506 739 548 nurum
784 482 1042 547 vocabit
1085 487 1151 547 et
1194 481 1442 547 Nereus
1488 505 1738 546 nurum.

232 576 480 658 depone
527 574 738 638 cultus
786 572 1136 654 squalidos,
1186 572 1386 636 festos
1433 592 1614 655 cape,

231 664 485 728 dedisce
532 665 811 746 captam3
860 661 1142 744 deprime
1187 660 1506 725 horrentis
1554 681 1766 724 comas
1901 731 1905 734 y

231 753 600 834 crinemque
646 751 834 829 docta
879 753 1096 833 patere
1144 749 1452 835 distingui
1496 771 1707 813 manu.
2147 764 2250 813 885

231 841 341 905 hic
385 840 658 904 forsitan
701 843 766 903 te
812 859 995 902 casus
1042 839 1292 903 excelso
1340 838 1544 923 magis

234 929 397 993 solio
442 932 730 1011 reponet.
820 927 1065 1011 profuit
1108 927 1329 991 multis
1377 927 1536 1010 capi.

370 1035 579 1081 ANDR.
634 1015 780 1080 Hoc
825 1017 1004 1081 derat
1047 1038 1247 1080 unum
1293 1015 1659 1101 Phrygibus
1706 1015 1940 1080 eversis
1986 1015 2254 1099 malum,

236 1107 511 1192 gaudere
561 1143 639 1152 —
689 1105 965 1191 flagrant
1010 1108 1208 1168 strata
1253 1105 1492 1187 passim
1537 1104 1873 1189 Pergama:

235 1217 276 1260 o
322 1196 659 1280 coniugale
704 1195 984 1277 tempus!
1030 1216 1115 1257 an
1159 1195 1498 1276 quisquam
1543 1193 1773 1258 audeat
1951 1252 1954 1261 Δ
2149 1209 2253 1261 890

235 1284 510 1370 negare?
557 1284 896 1366 quisquam
942 1283 1173 1346 dubius
1218 1281 1299 1345 ad
1344 1282 1661 1347 thalamos
1708 1287 1836 1364 eat,

237 1395 399 1456 quos
446 1371 695 1436 Helena
741 1371 1008 1436 suadet?
1053 1371 1251 1454 pestis
1298 1371 1565 1435 exitium
1609 1372 1746 1435 lues

236 1462 572 1543 utriusque
619 1460 871 1544 populi,
917 1461 1120 1525 cernis
1166 1459 1286 1524 hos
1332 1460 1615 1524 tumulos
1663 1461 1895 1524 ducum

237 1555 302 1615 et
346 1550 517 1614 nuda
562 1550 718 1614 totis
766 1571 909 1613 ossa
955 1570 1118 1631 quae
1164 1549 1401 1632 passim
1448 1549 1658 1612 iacent

238 1639 572 1704 inhumata
619 1639 906 1721 campis?
950 1637 1110 1702 haec
1152 1638 1393 1721 hymen
1437 1638 1670 1721 sparsit
1714 1641 1880 1701 tuus.
2149 1651 2252 1700 895

239 1728 362 1792 tibi
405 1728 593 1792 fluxit
638 1725 857 1809 Asiae,
900 1726 1090 1790 fluxit
1133 1725 1431 1809 Europae
1478 1747 1681 1808 cruor,

239 1838 386 1881 cum
433 1817 807 1881 dimicantes
851 1817 1028 1880 lenta
1072 1815 1468 1899 prospiceres
1514 1815 1712 1890 viros,

237 1909 483 1970 incerta
525 1906 663 1970 voti
712 1942 791 1950 —
842 1925 1064 1989 perge,
1107 1904 1426 1968 thalamos
1471 1925 1724 1987 appara.

238 1995 441 2060 taedis
488 1993 642 2079 quid
689 2015 851 2078 opus
897 1997 995 2057 est
1040 1993 1272 2076 quidve
1319 1993 1592 2056 solemni
1635 1992 1815 2055 face?

238 2084 395 2167 quid
438 2085 630 2169 igne?
676 2083 976 2147 thalamis
1023 2082 1213 2146 Troia
1257 2084 1585 2167 praelucet
1631 2083 1830 2147 novis
2153 2097 2255 2146 900

238 2173 556 2237 celebrate
602 2172 860 2256 Pyrrhi,
907 2170 1211 2255 Troades,
1257 2172 1558 2255 conubia,

237 2262 556 2326 celebrate
602 2262 818 2345 digne:
865 2261 1162 2344 planctus
1209 2264 1274 2325 et
1318 2261 1595 2346 gemitus
1642 2264 1840 2323 sonet.

235 2369 401 2414 ΗΕΒ.
446 2350 722 2415 Ratione
770 2349 1061 2433 quamvis
1108 2353 1318 2414 careat
1365 2353 1429 2413 et
1473 2348 1647 2414 flecti
1692 2353 1882 2434 neget

235 2461 513 2525 magnus
560 2440 745 2503 dolor
789 2439 1123 2521 sociosque
1168 2458 1653 2519 nonnumquam
1691 2438 1789 2501 sui

236 2529 546 2592 maeroris
592 2529 767 2611 ipsos
815 2527 1046 2591 oderit:
1093 2549 1350 2592 causam
1397 2530 1614 2590 tamen
2155 2539 2257 2590 905

236 2639 507 2702 possum
553 2617 718 2681 tueri
763 2617 971 2680 iudice
1016 2616 1249 2680 infesto
1297 2637 1534 2698 meam,

234 2703 1552 2859 {ffffgsbsasamfflfflffis

232 2883 556 2969 lugendus
600 2881 885 2947 Helenae
932 2886 1042 2946 est.
1123 2884 1350 2947 dirum·
1379 2886 1443 2947 et
1488 2881 1764 2945 invisum
1812 2884 1876 2944 et
1922 2900 2113 2966 grave
2161 2883 2258 2943 est

236 2973 500 3037 servitia
544 2971 752 3035 ferre?
797 2972 1010 3055 patior
1053 2971 1179 3035 hoc
1225 2972 1380 3035 olim
1417 2972 1670 3057 iugum,
2153 2983 2257 3032 910

235 3062 425 3125 annis
473 3060 690 3125 decem
737 3060 1006 3143 captiva.
1086 3064 1479 3144 prostratum
1524 3057 1716 3122 Ilium
1763 3060 1884 3141 est,

232 3151 408 3214 versi
454 3149 760 3234 penates?
807 3149 1069 3233 perdere
1115 3153 1211 3213 est
1256 3149 1530 3233 patriam
1578 3169 1796 3232 grave,

233 3240 500 3326 gravius
546 3239 787 3303 timere.
878 3258 992 3301 vos
1037 3239 1209 3302 levat
1253 3238 1419 3302 tanti
1462 3237 1618 3300 mali

382 3400 489 3449 884
516 3395 803 3450 horrentes
830 3399 877 3448 Δ
903 3397 921 3465 ιι
950 3400 1046 3448 891
1074 3393 1270 3448 deuius
1297 3400 1342 3446 Ε
1369 3395 1388 3462 ιι
1417 3399 1518 3446 898
1547 3394 1653 3447 hoo
1680 3399 1723 3445 r.
1751 3394 1769 3462 ιι
1798 3397 1900 3445 895
1928 3359 2093 3460 ymen
2121 3398 2215 3445 Et
2241 3391 2261 3463 ιι

236 3471 341 3519 897
371 3466 596 3522 laetan
614 3467 633 3539 ΙΙ
653 3472 754 3519 898
783 3466 931 3520 uotis
960 3465 1070 3537 ΔτΗ
1087 3471 1192 3518 900
1220 3464 1382 3518 nobis
1409 3470 1452 3517 E
1472 3465 1607 3535 11901
1636 3463 1915 3518 connubia
1938 3469 1983 3516 Δ
2001 3463 2021 3536 ΙΙ
2039 3468 2145 3516 902
2175 3480 2261 3516 8ο-

235 3540 486 3680 ιὶξειέιᾶὲι
514 3543 617 3590 908
656 3536 761 3592 soli
790 3541 850 3592 at
878 3537 1141 3593 Swoboda
1167 3541 1187 3606 ΙΙ
1213 3541 1317 3589 909
1356 3552 1414 3590 es
1442 3541 1515 3588 Δτ
1554 3539 1562 3605 Ι
1596 3537 1796 3590 durum
1823 3541 1868 3588 Δ
1895 3538 1914 3605 Ιι
1941 3539 2036 3587 913
2065 3537 2259 3646 tantus

350 3707 569 3749 Sanun
598 3717 921 3749 wasconum.
1912 3700 1942 3749 6
