2658 4117
1182 795 1285 875 A.

786 1040 1161 1108 OEDIPVS
1233 1039 1690 1108 ANTIGONA

362 1165 548 1232 Caeci
595 1169 879 1251 parentis
925 1167 1214 1253 regimen
1260 1169 1323 1231 et
1369 1167 1524 1231 fessi
1570 1168 1831 1233 unicum
1944 1188 1945 1191 ’

225 1258 445 1322 lateris
490 1257 806 1338 levamen,
852 1260 1074 1341 gnata,
1122 1278 1315 1340 quam
1362 1256 1529 1320 tanti
1577 1260 1677 1320 est
1719 1256 1882 1321 mihi

229 1347 523 1432 genuisse
568 1344 672 1410 vel
721 1346 840 1429 sic,
894 1345 1111 1410 desere
1157 1345 1512 1409 infaustum
1557 1348 1821 1429 patrem.

227 1437 296 1500 in
339 1439 514 1499 recta
559 1433 715 1518 quid
762 1433 1045 1499 deflectis
1093 1437 1411 1498 errantem
1460 1433 1774 1518 gradum?

227 1525 528 1609 permitte
572 1523 732 1608 labi3
778 1522 1006 1588 melius
1052 1524 1375 1587 inveniam
1421 1523 1618 1608 viam,
2214 1541 2246 1590 5

139 1682 148 1690 ‚
228 1635 419 1698 quam
466 1633 701 1696 quaero
750 1611 950 1695 solus,
998 1634 1160 1697 quae
1205 1633 1306 1675 me
1353 1611 1432 1675 ab
1479 1611 1601 1676 hac
1645 1613 1780 1677 vita
1826 1612 2120 1678 extrahat

229 1707 293 1767 et
336 1702 461 1766 hoc
504 1700 765 1766 nefandi
810 1701 1037 1784 capitis
1083 1705 1347 1784 aspectu
1391 1701 1561 1764 levet

231 1791 475 1856 caelum
523 1794 713 1875 atque
760 1794 979 1854 terras.
1073 1789 1453 1873 quantulum
1498 1789 1622 1854 hac
1668 1790 1772 1876 egi
1817 1791 2053 1855 manu?
2164 1802 2167 1805 '

230 1903 360 1944 non
405 1879 591 1944 video
637 1900 841 1943 noxae
887 1879 1212 1943 conscium
1258 1881 1519 1943 nostrae
1565 1878 1758 1963 diem,

237 1969 347 2033 sed
392 1967 629 2034 videor.
720 1967 872 2031 hinc
916 1968 1044 2031 iam
1092 1968 1269 2032 solve
1314 1967 1750 2031 inhaerentem
1796 1990 2056 2033 manum
2184 1987 2250 2035 10

234 2062 299 2123 et
344 2062 561 2143 patere
609 2078 869 2123 caecum
917 2079 1044 2141 qua
1087 2056 1263 2121 volet
1306 2056 1463 2121 ferri
1507 2056 1750 2142 pedem.

232 2148 370 2230 ibo,
416 2148 524 2211 ibo
573 2168 700 2229 qua
745 2150 1089 2230 praerupta
1133 2146 1464 2230 protendit
1508 2146 1660 2231 iuga

232 2257 412 2301 meus
461 2234 837 2321 Cithaeron,
883 2257 1010 2319 qua
1054 2239 1395 2321 peragrato
1443 2234 1609 2299 celer

229 2347 345 2409 per
392 2347 545 2389 saxa
588 2328 807 2389 monte
855 2324 1055 2389 iacuit
1089 2322 1382 2389 Actaeon
1427 2325 1562 2388 suis

231 2436 399 2478 nova
443 2413 678 2497 praeda
723 2413 1014 2497 canibuS‚
1063 2435 1190 2496 qua
1236 2434 1351 2496 per
1397 2413 1742 2479 obscurum
1787 2436 2012 2479 nemus
2186 2431 2250 2479 15

233 2502 590 2585 silvamque
639 2523 873 2586 opacae
919 2501 1104 2566 vallis
1151 2501 1487 2566 instinctas
1535 2502 1650 2565 deo

230 2593 366 2677 egit
413 2613 661 2655 sorores
707 2594 912 2655 mater
956 2594 1021 2655 et
1067 2591 1351 2676 gaudens
1398 2590 1569 2655 malo
1680 2595 1687 2600 '

228 2680 528 2746 vibrante
572 2680 774 2743 fixum
817 2679 1125 2763 praetulit
1169 2679 1396 2763 thyrso
1445 2685 1663 2765 caput3

227 2768 335 2834 vel
384 2790 512 2851 qua
556 2769 862 2852 cucurrit,
907 2789 1140 2852 corpus
1187 2768 1447 2832 inlisum
1494 2771 1780 2853 trahenS,

228 2858 419 2923 Zethi
466 2859 770 2922 iuvencus
781 2909 798 2941 ‚
845 2880 971 2942 qua
1016 2880 1131 2941 per
1175 2856 1511 2921 horrentes
1559 2859 1756 2922 rubos
2183 2874 2252 2926 20

229 2947 404 3012 tauri
450 2947 681 3011 ferocis
730 2948 990 3032 sanguis
1039 2950 1319 3010 ostentat
1362 2947 1579 3032 fugas3

229 3036 338 3100 vel
385 3057 511 3119 qua
556 3037 687 3100 alta
731 3037 935 3100 maria
979 3036 1215 3100 vertice
1262 3036 1556 3099 inmenso
1601 3036 1839 3120 premit

375 3210 701 3247 rnonmssm
739 3199 781 3245 Ε
835 3210 1060 3246 'rannus
1098 3199 1143 3245 A

375 3353 645 3390 armona
673 3339 718 3388 A
744 3338 763 3404 11
789 3342 817 3389 1
854 3351 921 3389 ac
948 3334 1083 3389 fessi
1110 3339 1155 3388 A
1181 3337 1200 3405 11
1228 3341 1262 3388 2
1289 3335 1469 3405 patris
1498 3335 1752 3390 levamen
1780 3353 1836 3389 ω
1864 3352 1999 3391 corr.
2035 3334 2258 3391 G'ro‘nov

229 3406 449 3477 pariter
477 3408 679 3475 Peiper
703 3408 722 3475 11
750 3413 783 3460 6
820 3423 948 3460 cum
977 3423 1028 3473 q.
1060 3424 1101 3460 s.
1133 3407 1366 3477 Bentley
1391 3409 1409 3475 11
1439 3413 1469 3458 8
1506 3407 1647 3461 haec
1674 3412 1717 3459 Ε
1745 3408 1764 3475 11
1790 3411 1850 3459 13
1885 3408 2185 3477 peragrata
2210 3412 2259 3459 A

233 3478 305 3531 -ti
332 3496 373 3533 τ
401 3479 420 3546 11
448 3482 511 3530 14
537 3476 746 3531 montis
774 3483 819 3529 A
847 3479 865 3545 11
892 3483 955 3530 16
982 3476 1252 3532 instincta
1281 3479 1386 3531 deo
1416 3484 1458 3530 Ε
1489 3478 1618 3532 inst.
1651 3494 1686 3531 a
1713 3478 1816 3533 deo
1846 3480 1910 3532 ci.
1942 3478 2027 3532 M.
2049 3478 2260 3534 Mamer

229 3566 284 3617 p.
318 3554 393 3603 19
419 3552 438 3617 11
466 3553 527 3600 18
564 3551 718 3616 tryso
746 3554 789 3601 Ε
826 3548 1018 3616 thyrso
1047 3549 1318 3617 praetulit
1346 3548 1516 3601 fixum
1543 3555 1588 3601 A
1614 3551 1633 3617 11
1660 3554 1721 3602 19
1758 3548 1999 3603 invisum
2028 3568 2083 3604 ω
2121 3566 2256 3604 corr.

233 3620 349 3675 Leo
385 3622 405 3688 11
440 3625 512 3672 20
547 3619 683 3673 Ethi
720 3626 762 3672 Ε
793 3622 805 3690 1
834 3619 1097 3674 iuuentus
1135 3623 1180 3672 A
1207 3622 1226 3689 11
1253 3625 1328 3684 21,
1353 3620 1600 3674 ostendit
1635 3622 1749 3675 Leo
1783 3622 1803 3690 11
1839 3626 1910 3674 22
1947 3619 2179 3676 uictrice
2215 3627 2258 3673 Ε
