2658 4117
363 224 494 287 346
1011 224 1075 277 L.
1100 224 1384 277 ANNAEI
1419 224 1745 280 SENECAE

363 372 490 431 stat
533 372 741 431 terror
784 368 1014 431 animis
1062 373 1126 431 et
1172 391 1283 433 cor
1327 371 1676 434 attonitum
1724 372 1872 436 salit

340 457 791 543 ‘pavidumque
836 457 1100 539 trepidis
1147 456 1424 541 palpitat
1467 460 1646 523 venis
1691 460 1883 524 iecur.

360 549 434 608 ut
479 545 720 609 fractus
768 549 986 609 austro
1032 550 1270 627 pontus
1319 548 1670 612 etiamnum
1716 553 1949 631 tumet,
2286 565 2389 614 710

362 634 653 716 quamvis
700 634 987 715 quiescat
1030 634 1354 719 languidis
1399 637 1607 700 ventis
1655 637 1817 717 dies,

360 723 452 785 ita
497 744 676 786 mens
722 721 932 786 adhuc
977 728 1244 787 vexatur
1290 746 1557 788 excusso
1605 729 1798 788 metu.

359 812 556 875 semel
602 811 891 894 profecto
937 833 1226 894 premere
1271 812 1492 878 felices
1540 812 1694 877 deus

358 921 505 964 cum
553 900 790 982 coepit,
837 904 1040 984 urget.
1130 899 1250 963 hos
1296 900 1538 965 habent
1583 923 1816 987 magna
1862 902 2089 966 exitus.

355 1005 518 1051 NVT.
567 986 722 1063 Quis
750 992 883 1051 tam
913 989 1251 1072 impotens,
1289 989 1667 1072 miseranda,
1703 995 1768 1053 te
1806 1012 1988 1054 casus
2016 992 2229 1055 rotat?
2282 1008 2385 1056 715

357 1093 497 1139 DEI.
543 1075 635 1140 Vt
680 1077 875 1140 missa
919 1078 1093 1160 palla
1139 1083 1236 1141 est
1283 1078 1430 1142 tabe
1475 1078 1719 1143 Nessea
1768 1079 1956 1142 inlita

355 1164 785 1247 thalamisque
832 1187 1119 1229 maerens
1166 1166 1361 1229 intuli
1407 1188 1696 1252 gressum
1744 1168 1902 1231 meis
1912 1216 1929 1248 ‚

355 1254 570 1317 nescio
619 1252 773 1336 quid
819 1255 1069 1318 animus
1114 1255 1350 1317 timuit.
1441 1277 1526 1317 an
1568 1255 1858 1319 fraudem
1906 1255 2140 1319 struit?

353 1342 514 1405 libet
559 1342 850 1424 experiri.
941 1343 1185 1405 solibus
1233 1342 1408 1407 dirus
1453 1343 1661 1407 ferum

353 1430 756 1513 flammisque
800 1430 1043 1512 Nessus
1091 1432 1469 1515 sanguinem
1518 1433 1769 1495 ostendi
1816 1433 2045 1496 arcuit:
2281 1450 2383 1498 720

352 1518 459 1583 hic
505 1519 641 1601 ipse
686 1518 940 1583 fraudes
988 1541 1126 1583 esse
1170 1521 1579 1602 praemonuit
1626 1520 1827 1585 dolus.

353 1611 418 1671 et
461 1606 655 1689 forte,
699 1608 879 1671 nulla
921 1608 1093 1672 nube
1139 1630 1466 1691 respersus
1511 1609 1713 1692 iubar,

351 1696 611 1759 laxabat
656 1696 880 1759 ardens
927 1697 1244 1760 fervidum
1281 1696 1475 1761 Titan
1520 1698 1705 1761 diem.

352 1785 462 1847 vix
509 1806 620 1847 ora
667 1785 830 1848 solvi
875 1785 1119 1867 patitur
1165 1786 1358 1849 etiam
1405 1808 1577 1850 nunc
1622 1787 1835 1849 timor.

351 1873 595 1936 medios
641 1873 711 1936 in
755 1874 937 1958 ignes
985 1873 1139 1938 solis
1186 1875 1344 1937 eieci
1389 1896 1629 1957 pavens
1731 1926 1736 1931 .
1916 1898 1920 1902 ’
2276 1891 2379 1939 725

717 1985 748 2020 *
1268 1988 1298 2020 *

351 2071 478 2131 quo
525 2050 728 2114 tincta
772 2050 981 2114 fuerat
1025 2051 1199 2133 palla
1243 2051 1566 2133 vestisque
1613 2051 1824 2134 inlita3

349 2139 634 2202 abiectus
681 2138 898 2202 horret
943 2140 1135 2204 villus
1183 2144 1248 2203 et
1295 2140 1504 2223 perdit
1550 2163 1799 2205 comam

347 2227 748 2310 †tepefactus
793 2228 983 2295 astris
1029 2228 1138 2291 vix
1186 2250 1442 2312 quoque
1490 2233 1603 2293 est.
1676 2234 2033 2294 monstrum
2082 2231 2310 2294 elocor.

488 2441 586 2490 710
623 2436 945 2490 etiamnunc
978 2443 1024 2490 A
1076 2441 1095 2507 ΙΙ
1149 2443 1240 2491 711
1275 2438 1579 2508 languidus
1615 2446 1658 2492 B
1722 2442 1741 2509 ΙΙ
1803 2445 1901 2493 712
1938 2455 2169 2494 excussa
2205 2441 2314 2493 Δ(τ)
2355 2443 2376 2509 ΙΙ

346 2513 442 2561 713
478 2526 598 2561 nvr.
628 2513 671 2559 E
703 2509 712 2577 Ι
744 2507 913 2560 simul
940 2514 986 2561 A
1017 2510 1025 2577 Ι
1057 2525 1312 2578 promere
1349 2509 1387 2565 f.
1420 2510 1553 2563 deos
1580 2515 1623 2561 B
1652 2513 1671 2579 ΙΙ
1697 2516 1796 2563 714
1833 2528 1960 2564 cum
1998 2511 2255 2579 concepit
2283 2516 2326 2562 Β·
2354 2514 2375 2581 fl

345 2584 440 2631 715
481 2598 636 2632 cnon.
666 2584 712 2631 A
737 2595 1005 2646 personae
1039 2586 1226 2634 notam
1262 2597 1363 2635 om.
1392 2587 1435 2633 Ε
1468 2584 1477 2650 1
1510 2598 1543 2635 o
1571 2580 1776 2635 misera
1803 2583 1908 2635 Δ(τ)
1950 2583 1968 2651 ΙΙ
1996 2587 2269 2636 716-728
2300 2583 2371 2648 cf.

345 2650 570 2704 Richter
601 2652 768 2720 symb.
790 2667 851 2718 p.
882 2654 1148 2720 18-2211
1188 2656 1283 2705 717
1321 2651 1404 2705 th.
1435 2668 1626 2707 amens
1664 2658 1710 2705 A
1736 2655 1754 2721 ΙΙ
1792 2658 1887 2706 718
1926 2655 1985 2706 et
2019 2653 2275 2706 fraudem
2314 2672 2372 2708 ω

343 2737 478 2775 corr.
495 2722 695 2789 Peiper
723 2723 1010 2788 (lacunam
1029 2729 1158 2789 post
1173 2722 1369 2776 timuit
1394 2723 1673 2793 siqnificat
1690 2724 1828 2792 Leo)
1858 2725 1877 2791 ΙΙ
1904 2729 2002 2777 719
2031 2724 2258 2778 sedibus
2282 2730 2325 2776 E
2359 2725 2368 2796 Ι

341 2791 498 2845 uirus
528 2809 583 2845 ω
611 2809 748 2847 corr.
770 2791 837 2846 de
866 2793 1228 2847 Wilamowitz
1252 2795 1272 2862 ΙΙ
1299 2799 1407 2846 720
1436 2794 1626 2863 arguit
1652 2812 1708 2849 ω
1737 2811 1872 2849 corr.
1902 2806 1958 2860 ψ
1985 2797 2004 2863 ΙΙ
2031 2801 2131 2849 721
2156 2811 2368 2864 praem.

344 2862 482 2916 deus
518 2867 564 2914 A
618 2865 635 2929 ΙΙ
689 2868 796 2916 722
831 2879 1145 2931 respersum
1181 2870 1224 2916 Ε
1270 2867 1288 2933 ΙΙ
1339 2869 1444 2918 725
1484 2864 1618 2918 solis
1656 2865 1895 2920 eiceram
1932 2864 2116 2920 facem
2152 2871 2195 2917 E
2239 2883 2279 2919 s.
2313 2870 2374 2920 et

344 2933 554 2987 claram
591 2934 629 2986 f.
660 2939 705 2985 A
751 2935 866 2989 Leo
901 2935 996 2987 ci..·
1042 2934 1258 2988 medios
1293 2935 1355 2988 in
1392 2935 1552 3004 ignes
1588 2936 1766 2989 vellus
1804 2936 1943 2989 eieci
1980 2937 2213 2990 madens
2249 2938 2370 2991 coll.

341 3021 390 3058 v.
423 3007 529 3058 735
566 3011 616 3058 et
650 3004 810 3072 Soph.
846 3005 1039 3059 Trach.
1071 3010 1183 3060 672
1199 3023 1274 3075 sq.
1314 3023 1451 3061 corr.
1482 3007 1706 3061 Richter
1750 3009 1770 3075 ΙΙ
1815 3012 1917 3060 727
1957 3007 2211 3060 abiectus
2249 3007 2373 3078 (ab-

341 3074 551 3128 iectum
577 3076 660 3129 vel
688 3076 1080 3143 abiectumque
1108 3078 1236 3146 Δ(τ))
1272 3077 1326 3130 h.
1359 3077 1588 3146 sanguis
1624 3077 1801 3146 (uirus
1828 3080 1905 3147 ψ)
1943 3080 2002 3132 et
2027 3077 2240 3131 Phoebi
2279 3095 2374 3132 co-

340 3162 492 3199 mam
528 3163 584 3200 ω
621 3162 757 3200 corr.
789 3147 1029 3213 Richter,
1066 3149 1228 3202 talem
1254 3149 1517 3203 excidisse
1550 3155 1709 3203 ratus
1733 3165 1973 3202 versum.-
2009 3147 2124 3220 <de
2151 3149 2372 3218 pecude

340 3216 558 3283 lanam,
594 3216 833 3270 tinctam
872 3216 1068 3271 eodem
1106 3218 1424 3291 sanguine>
1488 3221 1507 3288 ΙΙ
1569 3225 1673 3272 728
1714 3219 1876 3273 ardet
1911 3224 1957 3271 A
1994 3220 2134 3273 arsit
2169 3220 2375 3288 Peiper

342 3288 573 3353 (refutat
608 3287 833 3342 Richter
869 3289 902 3341 l.
930 3293 1013 3355 rt.)
1057 3291 1066 3356 Ι
1107 3288 1206 3341 uix
1240 3305 1386 3356 queo
1422 3291 1735 3344 monstrum
1768 3289 1961 3358 eloqui
1997 3295 2043 3342 A
2087 3290 2179 3343 vix
2217 3290 2373 3358 quod.

340 3360 427 3412 est
460 3360 772 3412 monstrum
808 3358 1040 3425 eloquor
1077 3359 1303 3426 Kaibel‚
1349 3362 1582 3428 tumque
1618 3360 1733 3428 (vix
1767 3362 2079 3427 monstrum
2116 3360 2370 3432 eloquor)

340 3429 454 3482 Leo
463 3449 484 3492 ;
519 3445 729 3482 versum
764 3430 841 3482 ad
876 3431 1152 3497 exemplar
1177 3430 1530 3498 Sophocleum
1558 3432 1780 3498 (Tr-ach.
1812 3434 1948 3498 697)
1985 3433 2065 3487 sic
2089 3432 2374 3487 restituere

338 3499 568 3616 tzintavit
615 3498 866 3552 Richter.-
919 3501 1077 3567 tepet
1131 3516 1198 3554 ac
1253 3500 1495 3555 senescit
1547 3501 1752 3569 vixque
1807 3501 1997 3556 adest:
2054 3504 2374 3557 monstrum

341 3580 371 3616 e
396 3581 538 3618 ocor.
1992 3589 1995 3592 ⁴
