2658 4117
1133 272 1450 326 ooTAviA
2169 276 2306 340 403

277 436 431 483 OCT.
478 418 839 503 Extinguat
884 421 948 481 et
994 440 1124 504 me,
1167 440 1248 481 ne
1294 440 1490 481 manu
1535 423 1755 484 nostra
1802 420 2012 485 cadat!

274 525 483 571 NVTR.
529 505 780 571 Natura
826 507 992 570 vires
1037 528 1171 570 non
1216 507 1393 571 dedit
1436 512 1648 572 tantas
1694 508 1833 573 tibi.
2203 526 2305 574 175

277 613 431 661 OCT.
477 594 684 659 Dolor
727 596 823 659 ira
869 616 1119 659 maeror
1163 595 1456 659 miseriae
1501 597 1714 660 luctus
1762 598 2022 661 dabunt.

274 701 482 749 NVTR.
529 683 734 748 Vince
781 684 1190 766 obsequendo
1239 685 1457 767 potius
1502 685 1816 749 immitem
1864 687 2089 750 virum.

276 790 429 838 OCT.
477 771 569 837 Vt
612 773 876 836 fratrem
924 773 1295 855 ademptum
1344 773 1578 837 scelere
1623 775 1921 839 restituat
1966 775 2170 838 mihi‘?

273 879 481 925 NVTR.
527 860 877 926 Incolumis
923 865 998 925 ut
1043 862 1130 924 sis
1176 862 1344 944 ipsa,
1388 863 1711 926 labentem
1758 868 1832 927 ut
1877 864 2138 929 domum

274 951 584 1036 genitoris
633 951 787 1015 olim
835 950 1059 1013 subole
1104 950 1405 1014 restituas
1451 955 1579 1015 tua.
2199 968 2301 1016 180

274 1056 428 1103 OCT.
475 1038 796 1123 Expectat
840 1039 1032 1102 aliam
1079 1039 1389 1122 principis
1436 1040 1727 1103 subolem
1775 1039 2029 1124 domus3

274 1150 377 1193 me
425 1128 561 1191 dira
607 1128 824 1191 miseri
869 1126 1003 1191 fata
1050 1128 1340 1211 germani
1384 1126 1665 1192 trahunt.

270 1234 478 1280 NVTR.
526 1214 878 1280 Confirmet
922 1216 1209 1279 animum
1257 1216 1494 1280 civium
1539 1220 1759 1280 tantus
1804 1216 2005 1280 favor.

272 1322 425 1369 OCT.
475 1303 737 1370 Solatur
779 1306 900 1369 iste
946 1309 1191 1389 nostra,
1238 1326 1373 1369 non
1416 1306 1659 1370 relevat
1704 1306 1888 1369 mala.

269 1411 475 1457 NVTR.
533 1391 652 1457 Vis
711 1414 946 1479 magna
1004 1394 1231 1477 populi
1297 1398 1410 1457 est.
1504 1410 1657 1458 OCT.
1710 1392 2028 1477 Principis
2095 1395 2300 1458 maior

1763 1487 1995 1546 tamen.
2197 1498 2299 1547 185

268 1588 473 1634 NVTR.
521 1568 849 1653 Respiciet
894 1570 1032 1653 ipse
1079 1570 1437 1654 coniugem.
1532 1586 1684 1633 ΟΟΤ.
1731 1569 1967 1634 Paelex
2014 1574 2203 1634 vetat.

267 1676 476 1722 NVTR.
522 1656 738 1722 Invisa
785 1658 1033 1722 cunctis
1078 1680 1326 1741 nempe.
1420 1674 1572 1722 OCT.
1634 1656 1759 1721 Sed
1807 1680 1951 1722 cara
1997 1662 2094 1723 est
2139 1660 2297 1723 viro,

267 1765 475 1810 Nv'rR.
523 1745 830 1811 Nondum
887 1767 1051 1810 uxor
1105 1750 1218 1810 est.
1311 1762 1465 1809 OCT.
1512 1744 1649 1810 Iam
1704 1747 1843 1829 fiet,
1898 1751 1963 1811 et
2008 1749 2300 1832 genetrix

1769 1836 1976 1899 simul.

269 1941 477 1987 NVTR.
524 1922 833 1987 Iuvenilis
878 1923 1068 1987 ardor
1112 1924 1361 2006 impetu
1407 1923 1616 2006 primo
1663 1923 1847 2007 furit,

266 2013 628 2099 languescit
673 2012 843 2076 idem
887 2012 1077 2077 facile
1121 2033 1240 2077 nec
1288 2012 1476 2077 durat
1521 2012 1630 2076 diu
2192 2028 2295 2078 190

267 2102 337 2166 in
374 2101 625 2166 Venere
670 2102 873 2185 turpi,
919 2121 1036 2165 ceu
1080 2102 1241 2165 levis
1286 2101 1583 2165 flammae
1628 2122 1854 2184 vapor:

268 2212 449 2255 amor
493 2190 790 2275 perennis
837 2190 1129 2274 coniugis
1176 2193 1387 2254 castae
1434 2193 1664 2253 manet.

269 2280 508 2343 violare
555 2280 762 2363 prima
810 2299 973 2361 quae
1018 2283 1197 2343 toros
1242 2300 1398 2342 ausa
1443 2281 1539 2341 est
1584 2281 1731 2342 tuos

267 2368 681 2450 animumque
727 2368 972 2431 domini
1015 2367 1258 2431 famula
1302 2366 1588 2450 possedit
1635 2365 1770 2448 diu,

266 2458 394 2520 iam
442 2457 674 2521 metuit
720 2456 939 2519 eadem
976 2493 1065 2502 —
1112 2472 1264 2520 OCT.
1303 2453 1555 2538 Nempe
1593 2456 1944 2537 praelatam
1982 2454 2123 2519 sibi.
2190 2470 2291 2519 195

264 2563 472 2609 NVTR.
522 2543 823 2609 Subiecta
874 2549 938 2609 et
982 2544 1275 2628 humilis,
1327 2548 1521 2626 atque
1582 2547 1999 2607 monumenta
2054 2544 2294 2608 extruit

266 2634 498 2716 quibus
545 2634 843 2697 timorem
888 2633 1058 2697 fassa
1103 2637 1378 2698 testatur
1424 2655 1627 2696 suum.

265 2727 331 2787 et
375 2723 541 2786 hanc
585 2723 746 2786 levis
791 2722 1118 2804 fallaxque
1165 2722 1470 2785 destituet
1516 2721 1669 2784 deus

263 2810 527 2875 volucer
570 2808 845 2894 Cupido:
893 2811 977 2874 sit
1020 2811 1174 2875 licet
1217 2811 1426 2874 forma
1474 2810 1784 2885 eminens,

266 2900 498 2983 opibus
546 2899 846 2983 superba,
893 2900 1199 2984 gaudium
1247 2900 1458 2982 capiet
1504 2898 1712 2961 breve.
2187 2912 2292 2962 200

716 3076 912 3140 Passa
958 3080 1057 3140 est
1102 3076 1341 3139 similes
1388 3075 1529 3158 ipsa
1576 3074 1828 3137 dolores

583 3165 805 3248 regina
851 3165 1069 3248 deum,

260 3354 434 3392 cunae
469 3339 646 3395 nostri
680 3338 886 3393 codices
914 3344 1132 3407 praeter
1172 3337 1486 3392 Urbinatem
1522 3352 1702 3389 omnes
1728 3337 1746 3404 ΙΙ
1773 3339 1869 3387 175
1907 3352 2021 3388 11011
2055 3334 2205 3388 uires
2245 3340 2290 3387 A

260 3425 397 3464 corr
432 3420 488 3474 ψ
515 3408 534 3480 Η
562 3414 660 3461 1⁷9
697 3407 985 3462 labantem
1019 3419 1075 3474 ψ
1103 3411 1122 3477 Η
1149 3412 1247 3460 180
1284 3406 1476 3461 sobole
1509 3408 1619 3475 (181
1653 3405 1920 3475 sobolem)
1950 3410 1995 3457 A
2022 3408 2040 3474 Η
2067 3410 2157 3458 181
2195 3422 2286 3459 ex-

258 3483 451 3549 pectes
488 3481 569 3535 vel
606 3482 869 3549 expectas
906 3484 951 3531 A
1005 3496 1141 3535 corr.
1180 3490 1236 3544 ψ
1282 3479 1353 3545 cf
1387 3478 1565 3545 praef.
1607 3478 1640 3530 Ζ.
1674 3495 1728 3530 n.
1787 3479 1805 3546 ΙΙ
1858 3482 1954 3529 195
1992 3478 2207 3530 metuet
2243 3482 2288 3529 A

259 3568 396 3606 corr.
428 3562 484 3616 ψ
518 3555 525 3620 Ι
559 3569 675 3604 oc'r.
725 3566 825 3605 om.
866 3556 911 3603 A
951 3550 1081 3604 add
1109 3550 1285 3604 Bothe
1312 3553 1331 3618 ΙΙ
1359 3554 1456 3602 196
1493 3567 1643 3601 Nv‘rx.
1682 3565 1781 3603 om.
1812 3552 1857 3599 A
1903 3549 2030 3602 add.
2063 3548 2298 3619 Ritterl

258 3622 606 3676 monimenta
642 3633 698 3687 ψ
725 3624 745 3691 ΙΙ
770 3626 867 3674 198
907 3620 1167 3674 destituit
1203 3626 1248 3673 A
1285 3638 1421 3676 corr.
1451 3631 1507 3686 ψ
1545 3619 1613 3685 cf.
1645 3620 1825 3689 praef.
1866 3620 1900 3673 Ζ.
1932 3636 1984 3673 n.

1861 3709 1963 3761 26*
