2658 4117
884 250 1261 306 HERCVLES
1300 252 1681 326 [OETAEVS]
2164 256 2294 321 339

268 400 397 462 iam
445 402 621 462 totus
667 397 858 460 undis
902 395 1150 462 Nessus
1196 397 1439 462 exierat
1483 399 1664 463 ferox

268 487 606 569 medioque
652 485 862 549 adhuc
907 487 1160 550 errabat
1195 485 1454 550 Alcides
1501 488 1693 568 vad0‚

267 580 448 639 vasto
493 594 790 657 rapacem
835 576 1139 639 verticem
1187 576 1482 640 scindens
1530 575 1758 660 gradu3

267 668 334 727 at
379 665 488 728 ille
532 667 607 726 ut
652 684 789 726 esse
834 662 998 726 vidit
1033 662 1306 727 Alciden
1351 666 1603 746 procul:
2188 683 2291 732 510

267 752 362 815 ‘tu
408 751 641 835 praeda
688 751 900 815 nobis'
948 752 1161 833 inquit
1207 752 1295 815 ‘et
1342 754 1622 816 coniunx
1668 753 1819 838 eris3

266 840 646 924 prohibetur
689 840 921 924 undis'‚
967 862 1198 923 meque
1244 842 1617 923 complexus
1663 841 1873 906 ferens

265 951 554 1015 gressum
601 928 867 1012 citabat3
913 950 1045 992 non
1090 933 1311 992 tenent
1357 930 1566 993 undae
1610 928 1983 995 Herculem:

264 1017 482 1081 ‘infide
528 1017 771 1082 vector'
818 1018 1031 1099 inquit
1078 1017 1381 1081 ‘immixti
1426 1019 1580 1082 licet

265 1104 518 1191 Ganges
565 1110 630 1169 et
673 1105 896 1169 Hister
940 1106 1217 1170 vallibus
1264 1108 1501 1170 iunctis
1549 1110 1723 1188 eant,
2182 1126 2286 1173 515

261 1196 592 1259 vincemus
640 1194 890 1279 ambos,
939 1214 1293 1277 consequar
1337 1196 1467 1259 telo
1514 1194 1778 1279 fugam?

260 1284 607 1366 praecessit
651 1303 834 1346 arcus
881 1283 1101 1366 verba3
1151 1287 1290 1347 tum
1337 1284 1605 1369 longum
1650 1284 1860 1347 ferens

259 1371 548 1435 harundo
594 1371 828 1434 vulnus
873 1372 1084 1435 tenuit
1128 1370 1495 1436 haerentem
1542 1372 1765 1457 fugam

259 1465 661 1542 mortemque
707 1460 867 1522 fixit.
959 1461 1096 1542 ille,
1143 1461 1270 1523 iam
1319 1483 1628 1543 quaerens
1677 1461 1873 1543 diem,

256 1549 481 1612 tabum
527 1549 766 1611 fluente
812 1548 1090 1612 volneris
1137 1549 1360 1612 dextra
1405 1550 1647 1632 excipit
2181 1567 2284 1615 520

178 1668 184 1674 ·
255 1638 578 1719 traditque
625 1636 812 1700 nobis
857 1637 1139 1721 ungulae
1184 1638 1494 1700 insertum
1543 1658 1720 1718 suae,

258 1747 449 1808 quam
495 1727 664 1789 forte
710 1746 898 1788 saeva
943 1725 1216 1788 sciderat
1260 1726 1544 1789 avolsam
1592 1747 1804 1788 manu.

254 1818 411 1877 tunc
456 1814 651 1878 verba
695 1812 974 1876 moriens
1022 1811 1225 1876 addit:
1273 1812 1445 1877 ‘hoc'
1492 1813 1706 1895 inquit
1752 1813 2000 1898 ‘magae

257 1901 473 1965 dixere
519 1923 801 1965 amorem
848 1922 1036 1983 posse
1084 1901 1278 1986 defigi
1323 1902 1523 1984 ma103

255 1989 379 2055 hoc
426 1991 613 2054 docta
658 1988 908 2074 Mycale
945 1989 1284 2055 Thessalas
1332 1990 1551 2054 docuit
1597 2012 1825 2073 nurus,
2175 2007 2276 2055 525

253 2101 447 2142 unam
494 2080 662 2143 inter
708 2080 916 2142 omnis
962 2078 1147 2142 Luna
1193 2102 1386 2162 quam
1436 2080 1728 2161 sequitur
1771 2101 1992 2164 magas

252 2169 439 2232 astris
483 2169 742 2232 relictis.
836 2168 1052 2231 inlitas
1100 2172 1308 2232 vestes
1356 2168 1536 2231 dabis

251 2254 395 2319 hac'
442 2257 656 2339 inquit
700 2255 866 2338 ‘ipsa
910 2257 1088 2337 tabe,
1134 2257 1190 2320 si
1234 2257 1461 2339 paelex
1507 2260 1653 2319 tuos

249 2344 459 2408 invisa
503 2344 822 2408 thalamos
868 2345 1093 2409 tulerit
1138 2349 1202 2408 et
1247 2345 1529 2408 conjunx
1573 2345 1732 2408 levis

248 2434 440 2495 aliam
488 2433 738 2515 parenti
784 2432 1027 2495 dederit
1073 2433 1349 2496 altisono
1396 2455 1645 2495 nurum.
2169 2449 2271 2497 530

246 2521 372 2586 hoc
418 2522 597 2585 nulla
639 2522 753 2583 lux
802 2521 1182 2604 conspiciat,
1229 2521 1355 2584 hoc
1398 2521 1697 2585 tenebrae
1743 2524 1967 2606 tegant

244 2614 499 2674 tantum
545 2614 854 2673 remotae:
901 2610 994 2673 sic
1039 2614 1268 2692 potens
1315 2610 1481 2674 vires
1529 2631 1675 2673 suas

246 2699 506 2783 sanguis
551 2695 838 2762 tenebit?
928 2698 1124 2762 verba
1168 2698 1502 2780 deprendit
1548 2699 1728 2779 quies

242 2791 644 2869 mortemque
688 2787 874 2849 lassis
922 2787 1145 2850 intulit
1187 2786 1491 2850 membris
1539 2807 1749 2868 sopor.

241 2878 342 2958 tu,
391 2897 582 2957 quam
628 2876 788 2938 meis
836 2874 1123 2938 admittit
1167 2875 1414 2939 arcanis
1460 2874 1617 2937 fides
1627 2924 1645 2955 ‚
2163 2891 2266 2939 535

242 2985 437 3048 perge
481 2967 556 3027 ut
600 2965 912 3027 nitentem
959 2964 1133 3027 virus
1181 2964 1249 3026 in
1294 2967 1538 3026 vestem
1586 2962 1800 3025 datum

385 3106 481 3153 610
518 3104 608 3155 ast
643 3107 689 3154 A
728 3104 737 3170 Ι
776 3101 1032 3155 Alcidem
1071 3119 1126 3155 ω
1163 3119 1299 3156 corr.
1332 3102 1506 3155 Bothe
1567 3102 1586 3169 fl
1650 3105 1748 3153 612
1786 3101 2136 3169 complexam
2174 3108 2220 3155 A
2262 3104 2268 3174 Ι

241 3177 339 3224 614
366 3172 545 3227 victor
569 3179 613 3224 Β.
646 3177 654 3242 Ι
685 3172 975 3226 immixtus
1002 3179 1111 3238 Εψ
1138 3175 1159 3241 ss
1186 3177 1282 3225 616
1311 3171 1672 3238 consequitur
1698 3177 1744 3224 A
1770 3174 1789 3241 ΙΙ
1818 3176 1922 3224 620
1954 3172 2146 3226 tabem
2174 3179 2220 3226 A

237 3242 463 3297 fluentis
491 3248 537 3295 A
572 3242 836 3297 fluentem
874 3248 964 3312 (sc.
994 3244 1206 3312 tabem)
1243 3245 1309 3298 ei.
1342 3245 1656 3310 Burmann,
1695 3258 1830 3296 corr.
1862 3243 1975 3296 Leo
2009 3244 2085 3296 ΙΙ
2107 3247 2218 3297 383
2245 3246 2263 3313 ΙΙ

239 3318 337 3366 621
366 3314 579 3383 ungula
605 3314 873 3367 insertam
902 3330 1003 3368 sua
1031 3320 1077 3367 A
1103 3316 1121 3382 ΙΙ
1150 3319 1254 3367 623
1281 3317 1406 3368 111111
1433 3320 1479 3367 A
1506 3321 1524 3380 11
1552 3318 1656 3366 626
1688 3312 1909 3367 monuit
1935 3315 2037 3382 (vel
2062 3314 2262 3382 mouit)

236 3402 409 3438 nurus
446 3391 492 3438 A
527 3388 545 3455 ΙΙ
592 3391 696 3438 626
735 3401 925 3438 omnes
960 3390 1006 3437 A
1038 3387 1045 3453 Ι
1078 3401 1303 3454 magam
1342 3391 1388 3438 A
1424 3388 1441 3454 ΙΙ
1479 3389 1583 3437 634
1618 3383 1848 3453 impulit
1882 3390 1926 3435 B.
1970 3386 1990 3452 ΙΙ
2036 3389 2140 3436 636
2176 3385 2261 3437 ni-

234 3458 420 3510 tentes
466 3473 515 3510 v.
564 3457 624 3509 in
668 3458 848 3510 vestes
904 3458 1089 3509 satum
1135 3461 1181 3508 A
1222 3458 1227 3525 l
1263 3463 1390 3524 post
1437 3471 1608 3525 perge
1662 3457 1770 3508 tale
1814 3455 1950 3523 quid
2003 3456 2262 3509 excidisse

233 3528 550 3594 suspicatur
594 3527 818 3582 Richter
870 3528 1037 3597 symb.
1078 3544 1136 3595 p.
1187 3532 1223 3580 6
1268 3527 1484 3598 <atque
1538 3526 1743 3595 pignus
1793 3525 2010 3578 veneris
2056 3541 2259 3580 arcano

235 3614 267 3651 e
304 3597 428 3651 loco
466 3597 704 3670 Prome>
740 3600 806 3650 ut
839 3598 941 3651 nit.

1831 3685 1940 3739 22*
