2658 4117
365 267 496 331 262
1009 267 1068 320 L.
1098 265 1383 320 ANNAEI
1421 267 1746 323 SENECAE

363 412 639 476 tridente
683 434 909 495 rupem
957 413 1208 477 subruit
1253 413 1506 496 pulsam
1553 418 1736 497 pater

361 499 705 583 Neptunus
752 501 898 564 imis
947 522 1208 567 exerens
1255 502 1444 566 undis
1492 507 1685 586 caput

363 590 684 671 solvitque
730 593 1042 674 montem3
1091 612 1280 673 quem
1328 592 1559 656 cadens
1608 612 1823 655 secum
1871 592 2020 657 tulit
2291 610 2401 660 555

362 680 658 760 terraque
705 682 769 741 et
814 677 963 762 igne
1009 678 1218 743 victus
1265 683 1329 743 et
1376 679 1607 764 pelago
1653 680 1837 745 iacet.
2329 713 2334 718 ·

495 764 634 830 Nos
682 767 806 829 alia
850 767 1056 830 maior
1099 768 1446 853 naufragos
1493 769 1691 851 pestis
1737 774 1942 834 vocat.

363 857 459 919 est
505 855 767 919 humilis
814 855 1011 937 unda,
1057 857 1341 940 scrupeis
1389 857 1662 921 mendax
1708 858 1914 940 vadis,

362 943 476 1007 ubi
523 964 675 1007 saxa
717 944 959 1027 rapidis
1007 944 1222 1009 clausa
1267 945 1613 1009 verticibus
1660 947 1825 1031 tegit

360 1031 562 1096 fallax
609 1029 998 1116 Caphereus3
1044 1037 1292 1097 aestuat
1341 1034 1622 1117 scopulis
1667 1034 1906 1101 fretum
2294 1053 2400 1101 560

360 1120 692 1202 fervetque
738 1143 987 1204 semper
1029 1122 1264 1187 fluctus
1310 1123 1555 1186 alterna
1600 1124 1756 1186 vice.

363 1231 477 1272 arx
522 1210 817 1273 imminet
860 1214 1204 1294 praerupta
1251 1231 1414 1293 quae
1461 1216 1709 1294 spectat
1756 1234 1928 1276 mare

362 1298 686 1380 utrimque
732 1299 1087 1382 geminum:
1132 1298 1393 1383 Pelopis
1439 1299 1593 1364 hinc
1639 1322 1782 1365 oras
1827 1301 1926 1364 tui

364 1390 428 1450 et
472 1384 796 1469 Isthmon,
841 1391 980 1451 arto
1029 1388 1142 1469 qui
1185 1392 1557 1453 recurvatus
1606 1390 1745 1453 solo

361 1473 544 1538 Ionia
589 1476 771 1559 iungi
818 1476 1018 1540 maria
1062 1475 1357 1541 Phrixeis
1405 1481 1607 1560 vetat,
2294 1496 2399 1545 565

361 1563 515 1627 hinc
561 1564 795 1627 scelere
840 1563 1132 1628 Lemnon
1176 1566 1460 1629 nobilem
1508 1570 1573 1631 et
1621 1564 2024 1631 Calchedona

362 1653 738 1735 tardamque
784 1652 1028 1719 ratibus
1075 1650 1339 1718 Aulida:
1385 1654 1554 1718 hanc
1598 1674 1808 1719 arcem
1858 1660 2131 1739 occupat

361 1740 719 1805 Palamedis
766 1742 875 1805 ille
923 1742 1178 1827 genitor
1223 1747 1287 1806 et
1336 1744 1577 1807 clarum
1624 1766 1819 1807 manu

361 1830 583 1894 lumen
627 1830 901 1894 nefanda
946 1831 1184 1894 vertice
1231 1853 1265 1894 0
1313 1853 1565 1895 summo
1614 1832 1880 1897 efferens

362 1918 432 1982 in
477 1940 629 1982 saxa
676 1919 850 1982 ducit
896 1918 1138 2002 perfida
1184 1920 1454 1984 classem
1493 1920 1649 1984 face.
2295 1939 2400 1986 570

362 2006 627 2072 haerent
673 2008 877 2073 acutis
922 2008 1190 2091 rupibus
1237 2009 1404 2073 fixae
1449 2012 1651 2093 rates3

364 2096 479 2160 has
526 2097 737 2179 inopis
784 2097 991 2160 undae
1036 2098 1255 2161 brevia
1302 2098 1749 2162 comminuunt
1796 2100 1985 2181 vada,

364 2206 511 2267 pars
557 2184 814 2249 vehitur
856 2184 1048 2251 huius
1096 2187 1332 2269 prima,
1378 2208 1525 2269 pars
1574 2187 1840 2269 scopulo
1889 2188 2092 2271 sedet3

362 2271 531 2335 hanc
576 2273 701 2336 alia
745 2277 917 2337 retro
966 2275 1174 2358 spatia
1218 2276 1611 2360 relegentem
1654 2275 1805 2338 ferit

365 2365 431 2424 et
474 2361 678 2425 fracta
721 2361 978 2447 frangit.
1062 2363 1190 2427 iam
1224 2364 1470 2427 ⁴⁴timent
1515 2367 1752 2428 terram
1797 2368 1965 2430 rates
2290 2381 2394 2430 575

367 2452 430 2512 et
475 2450 676 2513 maria
723 2450 986 2516 malunt.
1072 2453 1300 2515 cecidit
1347 2452 1417 2515 in
1460 2453 1672 2516 lucem
1716 2452 1926 2516 furor:

366 2541 708 2621 postquam
752 2539 1011 2604 litatum
1059 2544 1156 2605 est
1200 2539 1351 2623 Ilio,
1395 2539 1697 2605 Phoebus
1743 2541 1909 2605 redit

366 2630 431 2690 et
477 2628 707 2691 damna
751 2630 960 2694 noctis
1006 2628 1210 2692 tristis
1259 2630 1541 2693 ostendit
1588 2630 1737 2694 dies.

369 2732 565 2779 CLYT.
615 2715 930 2781 Vtrumne
978 2718 1227 2781 doleam
1274 2718 1476 2781 laeter
1519 2740 1603 2781 an
1647 2719 1944 2783 reducem
1991 2719 2243 2782 virum?

364 2825 678 2869 remeasse
724 2806 929 2870 laetor
972 2807 1206 2870 vulnus
1255 2809 1318 2869 et
1364 2807 1550 2890 regni
1596 2827 1789 2890 grave
2294 2823 2399 2872 580

364 2892 587 2977 lugere
634 2914 847 2978 cogor.
938 2894 1131 2958 redde
1176 2894 1306 2958 iam
1356 2891 1566 2976 Grais,
1611 2899 1796 2978 pater

366 2981 643 3045 altisona
687 2983 979 3064 quatiens
1024 3004 1250 3067 regna,
1296 2983 1585 3065 placatos
1633 2981 1813 3048 deos.'

366 3091 538 3133 nunc
584 3093 770 3135 omne
815 3072 985 3136 laeta
1026 3071 1253 3134 fronde
1299 3070 1549 3135 veletur
1595 3076 1812 3155 caput,
1865 3132 1868 3136 ,

511 3339 615 3387 560
654 3334 959 3404 chapereus
996 3340 1039 3387 E
1088 3333 1398 3403 caphareus
1435 3339 1481 3385 A
1517 3336 1535 3403 ΙΙ
1578 3339 1682 3387 562
1720 3351 1847 3388 arsx
1881 3340 1924 3386 Ε
1970 3337 1989 3403 ΙΙ
2036 3340 2140 3388 566
2178 3352 2229 3387 n.
2268 3334 2401 3389 hinc

371 3402 673 3459 ‘calcedona
710 3411 755 3458 A
781 3409 800 3476 Η
829 3410 931 3459 567
970 3404 1144 3459 Aulin
1182 3406 1414 3474 Bentley
1446 3407 1453 3474 1
1487 3407 1728 3458 artemE
1758 3408 1775 3474 ΙΙ
1805 3410 1906 3458 568
1954 3405 2043 3459 illi
2078 3411 2121 3457 Ε
2163 3408 2181 3474 ΙΙ
2228 3409 2332 3458 568
2370 3423 2401 3460 0

370 3489 472 3527 om.
510 3481 563 3527 Er
599 3492 666 3529 ex
702 3479 815 3538 A(v)
862 3478 882 3545 ΙΙ
927 3481 1032 3529 576
1068 3475 1375 3544 voluntque
1411 3476 1592 3529 maria
1629 3480 1674 3527 A
1718 3479 1737 3544 Η
1784 3482 1884 3530 577
1925 3479 2011 3530 est
2045 3476 2145 3541 illo
2180 3482 2224 3530 Ε
2262 3480 2400 3531 corr.

379 3543 598 3598 Gronov
633 3564 686 3613 p.
724 3546 761 3600 1.
801 3563 847 3601 0.
886 3546 1144 3600 Phoebus
1182 3547 1243 3600 in
1279 3547 1463 3600 lucem
1498 3547 1651 3600 redit
1686 3552 1732 3598 A
1772 3550 1790 3616 ΙΙ
1833 3552 1937 3600 578
1972 3566 2026 3601 u.
2068 3547 2290 3602 doleam
2327 3564 2403 3602 an

372 3610 580 3666 letaere
615 3631 658 3667 r.
698 3633 746 3669 v.
784 3623 827 3669 Ε
856 3619 874 3685 ΙΙ
904 3622 1007 3669 580
1044 3618 1222 3671 laeter
1258 3619 1372 3669 Act)
1406 3619 1413 3686 Ι
1448 3620 1508 3671 at
1544 3622 1589 3669 A
1614 3620 1633 3687 Η
1663 3623 1765 3672 588
1803 3619 1987 3673 fronte
2022 3625 2064 3671 Ε
