2658 4117
887 224 1265 279 HERGVLES
1304 225 1684 297 [oETAEvs]
2165 228 2291 291 347

260 368 442 432 nives
488 372 563 431 ut
607 367 820 432 Eurus
868 369 1064 434 solvit
1109 373 1221 433 aut
1265 370 1522 451 tepidus
1566 369 1808 454 Notus,

264 479 423 540 quas
470 478 617 521 vere
660 458 870 539 primo
916 456 1167 521 lucidus
1212 458 1423 539 perdit
1468 459 1774 543 Mimans,
2190 476 2293 525 730

262 549 462 627 utque
510 546 801 609 evolutos
845 546 1088 631 frangit
1131 544 1316 609 Ionio
1363 547 1499 610 salo

260 633 564 785 99⁹1?ssssss
607 634 840 786 11ξὲωέ
876 634 1241 786 ἓὲἶῖὃζὲἷ
1284 635 1755 788 ἒῖἒῖἓὲιῑῗῖηῗω

254 744 518 893 ἑξρθτεε.
562 745 796 893 tegidis
832 746 986 874 1111119,
1031 773 1333 875 laxantur
1377 811 1569 894 focis,

258 898 354 962 sio
397 899 663 983 languet
709 920 898 963 omne
944 900 1149 963 vellus
1196 904 1261 964 ot
1305 901 1518 983 perdit
1563 922 1796 965 eomas.
2186 918 2288 967 735

252 987 537 1068 dumque
583 988 708 1052 ista
752 988 970 1070 miror,
1016 1008 1208 1051 causa
1252 989 1529 1053 mirandi
1574 990 1768 1073 perit3
2359 1011 2360 1014 ’

253 1075 416 1158 quin
460 1076 602 1158 ipsa
647 1075 840 1140 tellus
887 1098 1188 1159 spumeos
1234 1081 1449 1141 motus
1496 1079 1633 1163 agit

248 1166 319 1228 et
367 1165 673 1247 quioquid
719 1165 832 1228 illa
875 1166 1025 1229 tabe
1071 1169 1439 1230 contactum
1487 1170 1584 1230 est
1628 1167 1821 1232 labat.

253 1277 654 1424 tumensqug
681 1341 876 1406 tacita
1012 1365 1047 1401 *
1396 1279 1429 1313 *

248 1435 515 1512 quassat
560 1433 753 1512 eaput
1181 1454 1213 1489 *

246 1605 508 1688 [natum
555 1541 894 1688 pgventem
943 1625 1133 1669 eerno
1180 1609 1245 1669 et
1290 1544 1540 1669 ardenti
1585 1608 1746 1690 pede
2179 1625 2281 1672 740

246 1714 509 1778 gressus
553 1694 880 1757 ferentem.
970 1714 1194 1775 prome
1241 1692 1397 1776 quid
1441 1698 1658 1776 portes
1702 1695 1902 1778 novi.]

869 1903 1216 1968 HYLLVS
1262 1903 1378 1967 ΕΤ
1424 1903 1652 1969 ΙΒΕΜ

382 2026 441 2110 Ι,
486 2027 782 2115 profuge,
829 2050 1061 2112 quaere
1107 2029 1163 2093 si
1210 2028 1365 2112 quid
1410 2029 1695 2110 ulterius·
1725 2034 1904 2114 patet

245 2117 432 2181 terris
477 2117 644 2182 freto
691 2117 1005 2182 sideribus
1053 2117 1306 2182 Oceano
1355 2118 1605 2201 inferis,

245 2207 418 2270 ultra
461 2207 713 2270 labores
723 2255 743 2288 ‚
787 2210 1008 2288 mater,
1053 2204 1318 2271 Aloidae
1365 2207 1534 2291 fuge.

245 2312 386 2357 DEI.
432 2294 668 2359 Nescio
709 2295 881 2377 quod
918 2295 1169 2358 animus
1207 2295 1448 2380 grande
1485 2296 1810 2380 praesagit
1846 2298 2106 2361 malum.
2170 2314 2272 2362 745

243 2401 403 2446 HYL.
450 2382 677 2468 Regna
719 2383 1062 2466 triumphi,
1106 2385 1350 2467 templa
1393 2383 1660 2448 Iunonis
1707 2389 1879 2467 pete:

239 2469 401 2536 haee
446 2472 567 2535 tibi
611 2476 860 2573 patent,
908 2472 1172 2536 delubra
1216 2473 1548 2555 praeclusa
1595 2473 1826 2536 omnia

242 2578 383 2623 DEI.
430 2559 647 2624 Effare
694 2561 837 2642 quis
884 2582 987 2623 me
1034 2581 1217 2625 casus
1262 2561 1584 2624 insontem
1631 2564 1895 2644 premat.

240 2665 400 2712 HYL.
447 2646 659 2712 Decus
705 2648 866 2712 illud
914 2648 1088 2712 orbis
1133 2652 1326 2732 atque
1373 2649 1761 2732 praesidium
1808 2650 2099 2732 unicum,

237 2758 434 2819 quem
480 2738 616 2801 fata
659 2737 846 2801 terris
893 2738 963 2801 in
1006 2739 1222 2802 locum
1269 2738 1573 2801 dederant
1616 2736 1814 2820 Iovis,
2166 2755 2267 2804 750

384 2933 490 2981 730
526 2927 774 2981 lubricus
812 2933 858 2980 A
889 2931 897 2996 Ι
929 2929 1111 2982 minas
1148 2934 1191 2980 Β
1228 2945 1331 2983 om.
1359 2940 1417 2993 ψ
1444 2930 1463 2996 ΙΙ
1491 2933 1590 2981 ’131
1626 2927 1885 2982 euolutus
1923 2931 2145 2997 311732
2184 2930 2265 2984 la-

239 3016 375 3068 psus
422 3010 478 3064 ψ
541 3001 559 3068 ΙΙ
622 3003 727 3052 734
773 2999 968 3068 tepido
1014 3004 1057 3051 E
1121 3001 1138 3067 ΙΙ
1202 3004 1305 3052 ’135
1354 2999 1509 3052 uirus
1566 3001 1623 3052 et
1671 2998 1860 3067 perdit
1905 3015 2120 3053 comam
2167 3004 2265 3070 Au

237 3074 345 3123 '186
395 3069 523 3138 ipsa
576 3087 634 3123 ω
687 3086 823 3124 corr.
868 3071 944 3124 N.
983 3070 1254 3124 Heinsius
1291 3087 1350 3138 p.
1390 3074 1495 3123 451
1559 3071 1578 3138 ΙΙ
1641 3075 1747 3122 739
1793 3073 2125 3137 tumensque
2179 3075 2266 3125 ta-

233 3139 354 3194 cita
378 3140 385 3211 Ι
411 3139 653 3205 Quassat
681 3143 853 3209 eaput
880 3146 923 3192 E
959 3143 1098 3194 tum.
1127 3143 1236 3194 tao
1268 3140 1523 3207 sequitur
1550 3142 1609 3193 et
1635 3157 1688 3207 q.
1719 3157 1765 3192 o.
1798 3143 1933 3207 (uno
1959 3145 2221 3208 versu)A
2259 3143 2266 3214 Ι

237 3217 359 3265 740.
400 3216 498 3265 741
533 3212 790 3265 videntur
834 3211 909 3265 ad
947 3212 1206 3266 lacunam
1241 3212 1586 3266 sarciendam
1628 3211 1945 3278 interpolati
1978 3228 2100 3266 esse
2179 3212 2263 3266 Ο.

237 3283 351 3336 Leo
388 3283 463 3337 ad
496 3283 548 3335 h.
580 3283 613 3336 l.
642 3284 796 3351 11742
832 3283 995 3337 inser.
1025 3300 1126 3337 om.
1158 3288 1204 3335 A
1229 3283 1248 3351 ΙΙ
1276 3287 1380 3335 743
1410 3297 1652 3336 occeano
1680 3286 1723 3332 B
1752 3284 1771 3349 n
1797 3286 1919 3335 746.
1945 3287 2048 3334 74⁷
2088 3299 2189 3337 om.
2219 3289 2265 3336 A

232 3358 428 3407 extant
452 3359 562 3418 Εψ
598 3352 766 3422 Hylle:
790 3360 922 3408 sumt
946 3358 1016 3418 Β,
1053 3353 1363 3407 Deianirae
1393 3352 1792 3407 continuanium·
1818 3363 1874 3417 ψ
1901 3354 1921 3420 ΙΙ
1947 3357 2053 3405 ’140
2089 3368 2264 3423 regna

232 3423 525 3492 triumpha
552 3423 784 3492 Lipsius
827 3394 1029 3493 regnat
1063 3422 1381 3507 triumphat
1410 3423 1548 3490 (scil.
1578 3424 1749 3489 Iuno)
1780 3423 1907 3477 Leo.
1973 3424 2056 3477 At
2089 3439 2264 3493 regna

229 3495 415 3549 neseio
450 3511 529 3548 an
574 3512 684 3549 aee.
704 3494 789 3563 pl.
823 3495 897 3548 sit
934 3509 968 3546 a
1003 3495 1270 3561 positione
1298 3493 1573 3562 producta
1609 3495 1806 3564 (regna
1840 3493 1953 3547 seil.
1983 3495 2080 3548 ubi
2116 3497 2264 3549 Iuno

194 3632 197 3633 7
229 3565 555 3634 triumphat)
