2658 4117
378 248 508 312 336
1027 248 1087 301 L.
1116 247 1402 301 ANNAEI
1439 245 1768 302 SENECAE

377 395 582 459 virtus
627 398 910 458 vocatur.
1004 393 1237 457 cecidit
1284 391 1589 457 Oechalia
1633 394 1858 459 inclita

378 504 670 565 unusque
707 482 901 547 Titan
945 483 1107 546 vidit
1153 486 1347 564 atque
1393 504 1559 545 unus
1607 482 1742 546 dies

379 576 654 635 stantem
701 576 765 636 et
811 571 1170 654 cadentem3
1217 593 1411 636 causa
1456 571 1737 635 bellandi
1783 575 1880 635 est
1925 593 2121 636 amor.

377 661 614 724 totiens
660 660 916 724 timebit
961 658 1229 724 Herculi
1273 664 1494 723 natam
1539 681 1770 743 parens
2303 679 2408 727 425

378 749 678 832 quotiens
724 749 1014 834 negabit,
1060 746 1268 813 hostis
1315 752 1413 812 est
1460 749 1757 832 quotiens
1805 770 1985 813 socer

378 838 519 901 fieri
562 842 841 902 recusat:
890 838 944 901 si
991 858 1186 922 gener
1230 859 1364 901 non
1408 838 1509 920 fit,
1554 838 1722 901 ferit.

377 930 527 1011 post
572 926 730 991 haec
777 927 933 1009 quid
977 927 1133 990 istas
1180 926 1488 990 innocens
1533 948 1716 990 servo
1763 949 2018 1008 manus,

378 1016 581 1079 donec
624 1015 945 1079 furentem
992 1015 1251 1079 simulet
1297 1038 1372 1081 ac
1419 1037 1607 1079 saeva
1652 1037 1847 1079 manu

377 1104 669 1168 intendat
715 1126 898 1169 arcus
944 1125 1175 1185 meque
1219 1108 1572 1186 natumque
1620 1102 1985 1186 opprimat?
2117 1145 2124 1154 ι
2301 1121 2408 1170 430

378 1193 472 1257 sic
517 1193 822 1277 coniuges
870 1192 1136 1273 expellit
1171 1189 1430 1256 Alcides
1478 1214 1652 1274 suas,

376 1282 536 1345 haec
583 1284 734 1344 sunt
777 1281 1070 1364 repudia3
1116 1303 1235 1344 nec
1279 1285 1493 1363 potest
1537 1281 1679 1345 fieri
1724 1303 1988 1345 nocens:

376 1370 563 1433 terris
609 1370 812 1433 videri
859 1369 1204 1434 sceleribus
1253 1391 1511 1434 causam
1559 1370 1690 1433 suis

375 1459 530 1523 fecit
574 1479 932 1522 novercam.
1025 1457 1180 1541 quid
1226 1462 1474 1541 stupes,
1522 1459 1735 1543 segnis
1781 1459 2004 1522 furor?

378 1548 585 1611 scelus
623 1546 1068 1630 occupandum
1107 1550 1228 1611 est:
1275 1569 1511 1632 perage
1549 1548 1701 1610 dum
1737 1547 1942 1611 fervet
1979 1570 2221 1612 manus.
2300 1564 2405 1613 435

375 1654 535 1700 NVT.
583 1635 866 1700 Perimes
913 1635 1258 1699 maritum?
1351 1653 1492 1699 DEI.
1539 1635 1813 1700 Paelicis
1860 1640 2029 1699 certe
2076 1658 2270 1701 meae.

374 1742 535 1788 NVT.
582 1723 672 1788 At
709 1723 861 1788 Iove
899 1728 1201 1788 creatum.
1265 1741 1406 1788 DEI.
1444 1722 1694 1807 Nempe
1732 1728 1796 1788 et
1823 1722 2137 1789 Alcmena
2174 1730 2405 1790 satum.

374 1831 534 1876 NVT.
582 1812 906 1877 Ferrone‘?
979 1830 1118 1876 DEI.
1156 1811 1371 1877 Ferre.
1436 1830 1597 1876 NVT.
1636 1811 1706 1876 Si
1742 1812 2016 1895 nequis?
2080 1831 2219 1877 DEI.
2257 1814 2406 1878 Per-

1867 1902 2065 1965 imam
2111 1903 2277 1966 dole.

374 2008 534 2053 Nv'r.
583 1988 738 2066 Quis
794 1990 916 2054 iste
967 1990 1149 2053 furor
1203 1989 1344 2054 est?
1434 2007 1576 2053 DEI.
1632 1988 1836 2066 Quem
1883 2011 2063 2053 meus
2124 1992 2408 2056 coniunx

1871 2081 2071 2144 docet.

373 2185 533 2231 Nv'r.
581 2165 784 2242 Quem
812 2189 931 2231 nec
957 2190 1230 2232 noverca
1259 2169 1491 2252 potuit,
1509 2168 1682 2233 hunc
1710 2169 1986 2251 perimes
2014 2168 2268 2232 virum?
2298 2186 2408 2235 440

373 2274 513 2319 DEI.
563 2253 871 2320 Caelestis
918 2257 1013 2319 ira
1059 2279 1221 2339 quos
1268 2258 1531 2340 premit,
1576 2257 1845 2321 miseros
1890 2258 2073 2322 facit:

372 2345 655 2408 humana
698 2346 929 2409 nullos.
1020 2363 1179 2413 NVT.
1226 2346 1451 2429 Parce,
1497 2346 1881 2428 miseranda,
1928 2350 1992 2409 et
2037 2346 2210 2410 time.

373 2451 513 2497 DEI.
562 2431 966 2517 Contempsit
1013 2455 1233 2499 omnes
1280 2434 1391 2498 ille
1440 2436 1551 2518 qui
1596 2439 1868 2498 mortem
1913 2435 2121 2519 prius3

371 2523 534 2587 libet
578 2522 670 2586 ire
717 2523 786 2585 in
831 2545 1029 2587 enses.
1122 2542 1282 2588 NVT.
1328 2522 1538 2586 Maior
1582 2523 1859 2587 admisso
1907 2527 2084 2605 tuus,

373 2612 659 2694 alumna,
706 2611 890 2675 dolor
934 2615 1056 2695 est3
1103 2613 1294 2695 culpa
1340 2634 1455 2695 par
1501 2612 1720 2675 odium
1766 2612 1998 2696 exigat.
2296 2628 2404 2676 445

373 2721 487 2763 cur
532 2721 718 2764 saeva
763 2700 1032 2765 modicis
1080 2701 1354 2764 statuis?
1399 2704 1475 2764 ut
1519 2701 1691 2763 laesa
1738 2722 1805 2763 es
1815 2750 1833 2782 ,
1881 2700 2041 2763 dole.

372 2806 512 2852 DEI.
558 2787 726 2853 Leve
773 2811 909 2852 esse
957 2789 1161 2852 credis
1208 2790 1517 2872 paelicem
1564 2792 1804 2872 nuptae
1850 2787 2135 2852 malum?

375 2878 681 2961 quicquid
728 2879 1014 2942 dolorem
1060 2879 1293 2961 pascit,
1339 2878 1465 2942 hoc
1510 2878 1782 2941 nimium
1829 2881 2003 2961 puta.

372 2983 532 3029 NVT.
579 2964 862 3030 Amorne
910 2967 1065 3030 clari
1109 2967 1280 3051 fugit
1316 2965 1584 3031 Alcidae
1628 2965 1795 3029 tibi?

371 3071 511 3117 DEI.
556 3054 710 3119 Non
754 3056 950 3140 fugit,
997 3056 1216 3137 altrix,
1260 3058 1547 3118 remanet
1592 3057 1658 3117 et
1702 3054 1960 3137 penitus
2008 3054 2185 3118 sedet
2297 3070 2404 3119 450

513 3252 622 3299 422
660 3247 873 3302 etholia
901 3248 1008 3300 Δ(τ)
1048 3249 1067 3315 Η
1093 3252 1198 3300 427
1237 3263 1350 3300 non
1380 3248 1466 3299 est
1503 3263 1558 3300 ω
1596 3262 1732 3301 corr.
1763 3246 1839 3300 N.
1870 3246 2140 3300 Heinsius
2158 3263 2217 3314 p.
2248 3248 2405 3315 44411

370 3322 475 3370 485
516 3333 687 3386 perge
724 3337 780 3372 ω
826 3334 962 3373 corr.
1001 3319 1201 3386 Peiper
1262 3321 1282 3386 Η
1344 3322 1451 3370 440
1497 3334 1617 3370 nov.
1663 3317 1894 3385 perimit
1928 3317 2035 3370 Δ(τ)
2099 3319 2121 3385 ΙΙ
2183 3316 2403 3370 442ὓ-

370 3393 502 3440 444⁸
548 3392 684 3457 (svm.
733 3391 1192 3459 parce—enses)
1246 3406 1348 3443 om.
1397 3394 1440 3441 E
1497 3390 1586 3455 (in
1638 3405 1842 3458 mary..·
1897 3387 2088 3442 deficit
2138 3387 2231 3441 hic
2275 3387 2349 3440 Ρ
2385 3391 2404 3458 ΙΙ

370 3463 475 3510 443
513 3460 721 3513 nutrici
756 3462 1112 3514 continuatum·
1139 3463 1184 3511 Δ
1212 3461 1229 3528 ΙΙ
1256 3464 1361 3512 445
1402 3458 1570 3528 culpa
1596 3458 1827 3527 propius
1857 3458 2050 3528 exigat
2076 3465 2119 3511 E
2145 3460 2166 3528 11
2192 3463 2299 3511 446
2336 3462 2406 3513 ut

370 3542 539 3594 passa
568 3545 626 3582 es
654 3535 700 3581 A
726 3532 745 3598 u
770 3535 874 3583 447
904 3528 1138 3599 paelicis
1168 3547 1224 3583 ω
1252 3546 1389 3585 corr.
1420 3530 1640 3585 Gronov
1665 3532 1685 3597 ΙΙ
1712 3534 1817 3582 448
1847 3530 1908 3583 id
1936 3530 2068 3584 nim.
2101 3533 2144 3580 Δ
2175 3532 2184 3599 Ι
2217 3546 2405 3585 versus

373 3599 584 3650 nutrici
618 3602 786 3653 datur
820 3611 876 3665 ψ
916 3601 1049 3668 (Vol.
1081 3602 1212 3670 Ay.)
