2658 4117
385 227 468 307 72
1029 228 1086 280 L.
1117 227 1399 280 ANNAEI
1437 210 1760 281 SENECAE

375 373 572 436 fidem
620 372 911 458 alligavit
955 372 1091 436 iure
1138 372 1406 436 iurando
1454 395 1634 437 suam
1682 410 1766 419 —

380 461 435 525 si
481 461 750 545 peierat,
795 461 1020 525 timere
1067 461 1222 544 quid
1268 463 1525 547 gravius
1571 462 1829 544 potest?

376 572 551 614 nunc
597 551 834 614 advoca
880 554 1053 614 astus
1067 584 1092 633 ,2
1130 551 1367 633 anime,
1412 572 1584 615 nunc
1626 551 1907 634 fraudes,
1955 551 2164 635 dolos,

376 661 551 704 nunc
595 642 806 702 totum
851 637 1115 723 Vlixen3
1159 640 1394 703 veritas
1441 661 1792 722 numquam
1838 641 2020 724 perit.

381 732 661 794 scrutare
707 732 992 791 matrem.
1084 732 1351 811 maeret,
1398 729 1763 812 illacrimat,
1810 731 2034 814 gemit3
2290 744 2397 793 615

382 816 493 881 sed
538 820 603 880 et
646 817 775 881 huc
821 821 886 880 et
929 817 1088 882 illuc
1132 819 1356 881 anxios
1404 839 1656 903 gressus
1701 817 1896 881 refert

381 907 734 989 missasque
779 926 968 969 voces
1013 929 1164 970 aure
1211 907 1491 970 sollicita
1535 908 1800 989 excipit:

380 995 588 1081 magis
634 995 793 1058 haec
836 995 1047 1079 timet,
1095 1017 1286 1078 quam
1334 999 1589 1059 maeret.
1681 996 1939 1081 ingenio
1989 999 2084 1059 est
2131 1016 2305 1077 opus,

559 1081 745 1147 Alios
791 1087 1086 1166 parentes
1134 1085 1379 1167 alloqui
1424 1085 1493 1147 in
1536 1086 1715 1148 luctu
1762 1084 1967 1147 decet:

380 1174 506 1238 tibi
552 1173 1003 1258 gratulandum
1049 1177 1170 1256 est,
1216 1175 1474 1255 misera,
1521 1171 1694 1256 quod
1738 1177 1889 1236 nato
1937 1194 2135 1254 cares,
2293 1187 2400 1237 620

385 1284 577 1345 quem
624 1283 797 1325 mors
843 1261 1142 1325 manebat
1188 1284 1376 1326 saeva
1419 1262 1834 1345 praecipitem
1881 1262 2101 1327 datum

385 1374 421 1416 e
465 1355 667 1433 turre,
709 1350 908 1432 lapsis
955 1351 1091 1413 sola
1137 1372 1300 1433 quae
1350 1351 1550 1414 muris
1596 1354 1826 1414 manet.

381 1457 593 1504 ANDR.
640 1437 931 1521 Reliquit
977 1439 1227 1502 animus
1273 1439 1586 1521 membra,
1633 1440 2041 1522 quatiuntur,
2079 1440 2303 1503 labant

300 1546 305 1552 ’
383 1531 726 1611 torpetque
771 1529 1023 1591 vinctus
1068 1528 1304 1613 frigido
1355 1529 1616 1613 sanguis
1662 1529 1828 1612 gela.

389 1634 577 1681 VLIX.
614 1614 979 1680 Intremuit:
1007 1616 1157 1699 hac,
1183 1617 1305 1680 hac
1333 1621 1514 1699 parte
1543 1616 1902 1699 quaerenda
1930 1621 2027 1680 est
2049 1615 2237 1700 mih1'3
2299 1631 2404 1680 625

391 1710 660 1770 matrem
706 1705 903 1769 timor
948 1705 1214 1769 detexit:
1260 1705 1505 1769 iterabo
1553 1709 1813 1770 metum.
1858 1743 1947 1751 -—

389 1797 507 1878 ite,
552 1795 640 1858 ite
687 1795 948 1876 celeres,
992 1793 1214 1858 fraude
1259 1797 1550 1858 materna
1593 1794 1882 1859 abditum

388 1885 671 1965 hostem,
714 1882 970 1984 Pelasgi
1014 1883 1293 1947 nominis
1340 1887 1584 1966 pestem
1630 1884 1952 1965 ultimam,

387 1972 779 2054 ubicumque
825 1973 1087 2054 lat1tat,
1110 1975 1355 2035 erutam
1403 1973 1472 2035 in
1516 1973 1798 2036 medium
1844 1972 2002 2035 date.

391 2063 555 2127 bene
602 2065 724 2125 est:
770 2064 1039 2125 tenetur.
1129 2082 1352 2146 perge,
1396 2062 1657 2144 festina,
1702 2062 1951 2125 attrahe
1998 2099 2080 2107 —
2303 2076 2410 2124 630

390 2152 548 2234 quid
590 2149 854 2232 respicis
899 2149 1350 2232 trepidasque?
1397 2151 1524 2214 iam
1572 2155 1740 2214 certe
1784 2151 1964 2233 perit.

388 2256 601 2304 ANDR.
647 2238 913 2302 Vtinam
959 2240 1268 2302 timerem.
1348 2239 1577 2303 solitus
1624 2261 1700 2303 ex
1745 2241 1941 2324 longo
1988 2243 2085 2302 est
2128 2241 2362 2302 metus:

393 2327 662 2392 dediscit
705 2327 954 2391 animus
1000 2328 1208 2391 †scire
1253 2327 1424 2411 quod
1473 2328 1695 2392 didicit
1740 2327 1867 2391 diu.

393 2434 581 2481 VLIX.
626 2415 920 2480 Lustrale
966 2417 1270 2498 quoniam
1317 2416 1605 2481 debitum
1650 2417 1850 2480 muris
1895 2438 2054 2499 puer

396 2527 646 2570 sacrum
693 2506 1034 2569 antecessit
1075 2526 1195 2570 nec
1239 2510 1456 2587 potest
1500 2510 1711 2569 vatem
1758 2506 1937 2588 sequi
2306 2518 2413 2567 635

395 2594 659 2659 meliore
703 2594 838 2657 fato
883 2596 1133 2676 raptus,
1177 2594 1304 2657 hoc
1350 2592 1617 2658 Calchas
1665 2595 1756 2657 ait

393 2684 588 2749 modo
635 2684 800 2767 piari
843 2703 1032 2766 posse
1076 2682 1390 2746 redituras
1435 2686 1630 2765 rates,

396 2773 455 2838 si
498 2773 712 2856 placet
754 2772 957 2835 undas
1003 2770 1301 2835 Hectoris
1349 2772 1552 2856 sparsi
1600 2772 1759 2835 cinis

397 2883 474 2927 30
519 2862 807 2925 tumulus
854 2861 982 2924 imo
1028 2864 1203 2925 totus
1249 2865 1559 2943 aequetur
1603 2862 1758 2924 solo.

397 2971 572 3015 nunc
617 2950 728 3014 ille
777 2950 1078 3032 quoniam
1125 2950 1407 3013 debitam
1454 2950 1682 3034 effugit
1726 2969 1972 3031 necem,
2311 2962 2421 3011 640

401 3041 526 3104 erit
570 3037 963 3103 admovenda
1009 3038 1265 3102 sedibus
1312 3039 1508 3102 saeris
1554 3060 1795 3101 manus.

395 3146 610 3193 ANDR.
658 3125 824 3203 Quid
860 3127 1153 3212 agimus?
1201 3127 1485 3191 animum
1525 3125 1821 3190 distrahit
1866 3126 2160 3211 geminus
2196 3124 2422 3188 timor:

545 3307 643 3354 612
679 3301 923 3369 perierat
950 3318 989 3355 τ
1014 3304 1034 3370 11
1062 3306 1158 3354 614
1194 3303 1252 3355 et
1278 3303 1461 3354 totum
1490 3305 1535 3352 A
1566 3303 1575 3370 Ι
1606 3316 1913 3368 numquam
1938 3299 2082 3354 latet
2107 3304 2154 3353 A
2180 3302 2201 3369 ΙΙ
2227 3303 2324 3352 616
2354 3300 2423 3351 ⁴et

399 3372 514 3425 huc
550 3378 593 3424 E
648 3371 746 3425 sed
783 3372 893 3426 huc
928 3377 973 3424 A
1010 3390 1144 3427 corr.
1184 3372 1360 3427 Bothe
1385 3375 1405 3441 ΙΙ
1431 3377 1535 3425 623
1571 3371 1840 3439 relinquit
1876 3373 2109 3440 Bentley
2142 3372 2162 3440 ΙΙ
2204 3374 2309 3424 685
2347 3385 2423 3422 011

401 3442 636 3496 tremuit
671 3444 789 3508 ww)
829 3444 838 3513 Ι
879 3443 986 3497 hac
1022 3445 1178 3497 semel
1213 3449 1256 3495 E
1300 3446 1321 3512 ΙΙ
1366 3449 1469 3496 62⁷
1507 3441 1588 3496 ite
1622 3444 1778 3497 semel
1812 3449 1855 3495 E
1883 3445 2034 3513 11632
2070 3441 2286 3496 solutus
2321 3446 2366 3493 Ε
2401 3439 2426 3512 Η

403 3518 509 3567 633
549 3513 688 3566 81010
724 3515 783 3582 (i.
814 3531 854 3567 e.
891 3514 1050 3583 scire)
1087 3520 1130 3566 E
1178 3529 1297 3567 sero
1326 3519 1372 3566 A
1422 3529 1589 3582 saepe
1625 3515 1741 3569 Leo
1770 3516 1835 3582 (I
1856 3517 1927 3582 9).
1960 3528 2164 3582 nempe
2201 3512 2428 3567 Richter

406 3586 595 3653 (symb.
610 3600 668 3651 p.
693 3587 787 3651 32)
817 3586 837 3652 ΙΙ
863 3589 968 3637 634
994 3584 1233 3638 lustrare
1259 3591 1302 3637 E
1329 3589 1349 3654 ΙΙ
1377 3590 1480 3638 635
1509 3585 1577 3651 cf.
1599 3585 1713 3640 Leo
1738 3586 1781 3638 I
1801 3588 1874 3638 12
1899 3586 1918 3653 ΙΙ
1945 3590 2049 3638 639
2088 3585 2352 3651 sequetur
2374 3586 2425 3634 B
