2658 4117
1060 266 1391 320 TRoADEs
2149 270 2230 334 75

575 412 683 476 hic
728 416 850 494 est,
894 411 1001 475 hic
1047 415 1142 475 est
1188 415 1409 494 terror,
1455 411 1673 496 Vlixe,

576 501 752 564 mille
798 500 1048 564 carinis.
1140 500 1447 566 submitte
1494 524 1719 566 manus

576 589 946 671 dominique
991 588 1183 672 pedes
1229 591 1519 672 supplice
1567 591 1787 655 dextra

577 682 812 742 stratus
859 677 1053 742 adora
1097 698 1216 741 nec
1260 681 1448 761 turpe
1493 684 1650 763 puta
2129 698 2229 746 710

576 767 881 849 quicquid
927 767 1191 831 miseros
1237 767 1496 831 fortuna
1542 769 1737 833 iubet.

575 877 743 939 pone
789 878 867 919 ex
914 856 1127 918 animo
1175 877 1357 940 reges
1403 861 1624 921 atavos

575 945 921 1029 magnique
967 945 1136 1007 senis
1182 946 1321 1008 iura
1368 967 1482 1028 per
1527 947 1735 1010 omnis

572 1033 817 1097 incluta
861 1038 1088 1115 terras,
1136 1032 1387 1097 excidat
1433 1034 1690 1116 Hector,

574 1144 723 1207 gere
769 1123 1092 1205 captivum
1139 1123 1481 1205 positoque
1527 1146 1723 1210 genu,
2127 1140 2226 1188 715

557 1210 628 1274 si
672 1214 785 1274 tua
830 1211 1113 1274 nondum
1159 1210 1385 1276 funera
1431 1213 1654 1295 sentis,

576 1299 798 1363 matris
844 1300 1032 1364 fletus
1080 1300 1332 1364 imitare
1377 1305 1540 1366 tuae.

702 1387 886 1451 Vidit
931 1389 1114 1472 pueri
1160 1389 1329 1474 regis
1374 1391 1669 1454 lacrimas

573 1480 636 1540 et
682 1475 874 1540 Troia
919 1477 1112 1560 prior,
1158 1500 1518 1562 parvusque
1564 1480 1771 1544 minas

570 1566 769 1628 trucis
814 1563 1077 1629 Alcidae
1122 1566 1302 1631 flexit
1349 1567 1656 1632 Priamus.
2125 1584 2226 1632 720

574 1654 714 1736 ille,
758 1654 867 1717 ille
913 1654 1120 1736 ferox,
1168 1656 1347 1719 cuius
1393 1658 1589 1721 vastis

572 1742 816 1807 viribus
862 1764 1083 1808 omnes
1130 1764 1370 1808 cessere
1415 1746 1611 1828 ferae,

573 1831 687 1914 qui
731 1833 1048 1914 perfracto
1094 1832 1316 1896 limine
1362 1833 1532 1898 Ditis

574 1940 832 1984 caecum
875 1924 1047 1984 retro
1095 1921 1397 2004 patefecit
1444 1924 1581 2005 iter,

573 2008 776 2073 hostis
822 2009 1004 2093 parvi
1048 2010 1254 2074 victus
1299 2012 1610 2076 lacrimis:
2125 2026 2224 2076 725

575 2099 872 2182 ‘suscipe'
919 2100 1082 2163 dixit
1130 2100 1361 2164 ‘rector
1405 2101 1685 2166 habenas

569 2188 908 2270 patrioque
955 2188 1100 2251 sede
1147 2190 1352 2252 celsus
1398 2191 1588 2274 solio3

573 2276 684 2339 sed
728 2280 977 2359 sceptra
1021 2278 1147 2341 fide
1192 2279 1456 2342 meliore
1500 2279 1688 2343 tene.'

573 2364 699 2428 hoc
742 2365 867 2428 fuit
913 2365 1026 2428 illo
1074 2366 1314 2430 victore
1362 2368 1529 2450 capi:

573 2453 796 2517 discite
842 2454 1029 2518 mites
1074 2453 1371 2519 Herculis
1418 2457 1560 2519 iras.
2123 2469 2224 2519 730

571 2564 656 2605 an
699 2543 836 2605 sola
881 2544 1136 2625 placent
1180 2542 1477 2608 Herculis
1523 2544 1741 2608 arma?

570 2631 734 2695 iacet
778 2636 926 2695 ante
971 2632 1164 2714 pedes
1209 2654 1344 2696 non
1388 2634 1600 2697 minor
1644 2634 1757 2697 illo

569 2720 859 2803 supplice
905 2722 1176 2804 supplex
1222 2722 1548 2804 vitamque
1594 2722 1757 2805 petit
1804 2758 1888 2767 —-

567 2829 837 2893 regnum
883 2807 1110 2872 Troiae

570 2918 974 2980 quocumque
1019 2899 1192 2962 volet
1237 2896 1522 2962 Fortuna
1566 2899 1746 2962 ferat.
2116 2911 2216 2960 735

197 3004 388 3051 VLIX.
437 2985 662 3050 Matris
711 2985 967 3069 quidem
1014 3008 1115 3049 me
1160 3008 1411 3051 maeror
1455 2988 1764 3051 attonitae
1810 2988 2051 3068 movet,

195 3077 410 3162 magis
457 3074 763 3160 Pelasgae
809 3097 911 3138 me
955 3078 1174 3138 tamen
1217 3080 1452 3139 matres
1499 3079 1784 3157 movent,

199 3187 478 3248 quarum
523 3164 643 3228 iste
688 3184 957 3249 magnos
1005 3164 1230 3228 crescit
1273 3165 1344 3227 in
1388 3166 1599 3228 luctus
1645 3186 1819 3248 puer.

198 3271 413 3319 ANDR.
460 3251 623 3335 Has,
666 3253 782 3316 has
828 3253 1044 3315 ruinas
1091 3253 1267 3317 urbis
1314 3253 1384 3316 in
1430 3253 1704 3317 cinerem
1753 3253 1935 3316 datae

344 3415 447 3462 ’107
504 3408 598 3463 hic
652 3425 790 3477 puer
842 3409 934 3463 hic
991 3411 1076 3463 est
1111 3413 1158 3462 A
1218 3412 1237 3478 ΙΙ
1299 3415 1397 3462 ’113
1455 3424 1644 3462 omnes
1700 3414 1745 3461 A
1806 3411 1825 3477 ΙΙ
1888 3412 1985 3461 ’119
2036 3406 2221 3460 minas

201 3485 251 3549 (s
286 3497 355 3535 ex
389 3483 446 3549 x)
485 3479 600 3548 13²1!
628 3485 732 3532 729
768 3480 983 3548 profuit
1010 3480 1195 3550 Scaliq
1196 3497 1271 3546 er,
1307 3482 1472 3546 at-d'
1503 3481 1616 3534 Leo
1642 3481 1720 3533 II
1740 3483 1852 3533 377
1877 3481 1896 3549 ΙΙ
1923 3483 2028 3532 ’136
2063 3478 2222 3532 nulla

199 3553 492 3621 inscriptio
525 3556 624 3603 EA
669 3549 860 3604 Vlixes
896 3552 1289 3606 Andromacha
1334 3552 1417 3607 vel
1450 3550 1537 3605 Vl.
1575 3550 1746 3604 Andr.
1785 3551 2075 3618 Astyanax
2108 3560 2164 3615 ψ
2201 3548 2221 3620 11

200 3627 306 3675 ’189
343 3637 418 3675 an
454 3621 556 3675 has
593 3626 638 3673 A
670 3624 678 3691 Ι
712 3621 873 3675 datas
910 3627 955 3674 A
