2658 4117
1136 265 1444 321 OEDIPVS
2176 269 2305 333 227

278 416 498 476 tamen
544 412 686 494 ipsa
730 432 833 474 me
878 411 1138 475 fortuna
1184 415 1451 476 terreret
1495 413 1687 476 nimis

280 499 558 565 sollicita
604 521 870 582 semper.
960 500 1153 565 liceat
1196 500 1321 564 hoc
1365 504 1508 565 tuto
1554 501 1677 565 tibi
2206 519 2307 567 675

281 611 511 654 exuere
556 588 809 672 pondus
854 609 973 653 nec
1016 589 1419 653 recedentem
1468 591 1818 673 opprimat:

278 679 407 741 iam
453 682 518 742 te
562 678 812 741 minore
857 676 1063 741 tutior
1106 698 1307 760 pones
1353 679 1513 742 loco.

280 783 440 831 OED.
488 765 786 830 Hortaris
834 766 1055 850 etiam,
1102 770 1334 849 sponte
1381 766 1696 849 deponam
1741 771 1816 832 ut
1861 790 2003 831 mea
2057 816 2058 819 η

280 859 413 919 tam
459 855 680 940 gravia
723 855 965 939 regna?

888 960 990 1006 CR.
1039 941 1354 1007 Suadeam
1399 944 1526 1007 hoc
1571 944 1702 1008 illis
1749 967 1898 1030 eg0,

279 1032 347 1096 in
392 1035 738 1115 utrumque
786 1032 929 1113 quis
976 1035 1075 1095 est
1119 1030 1285 1096 liber
1332 1033 1683 1097 etiamnum
1731 1037 1963 1098 status:
2204 1049 2307 1098 680

277 1120 402 1185 tibi
446 1121 576 1184 iam
622 1140 880 1184 necesse
928 1124 1026 1184 est
1069 1119 1235 1184 ferre
1279 1120 1606 1185 fortunam
1653 1127 1848 1187 tuam.

279 1226 442 1274 0131).
490 1207 864 1273 Certissima
911 1212 1008 1273 est
1050 1230 1318 1293 regnare
1367 1210 1653 1293 cupienti
1698 1211 1803 1274 via

275 1299 536 1362 laudare
581 1297 835 1361 modica
881 1300 946 1361 et
993 1298 1198 1361 otium
1244 1319 1319 1362 ac
1368 1319 1663 1362 somnum
1708 1300 1915 1385 loqui3

278 1387 359 1450 ab
405 1387 696 1470 inquieto
745 1407 933 1469 saepe
980 1385 1320 1451 simulatur
1368 1388 1563 1470 quies,

281 1493 383 1539 CR.
429 1474 750 1539 Parumne
796 1497 898 1539 me
944 1479 1076 1539 tam
1122 1476 1320 1560 longa
1367 1475 1650 1539 defendit
1697 1475 1897 1540 fides?
2203 1491 2306 1540 685

278 1581 438 1629 OED.
486 1562 759 1627 Aditum
804 1562 1080 1628 nocendi
1123 1563 1370 1647 perfido
1418 1568 1702 1647 praestat
1747 1564 1919 1628 fides.

282 1670 383 1717 CR
434 1650 698 1717 Solutus
746 1674 936 1716 onere
981 1653 1162 1737 regio
1207 1652 1392 1737 regni
1439 1653 1628 1717 bonis

277 1741 459 1805 fruor
503 1741 859 1824 domusque
907 1741 1145 1805 civium
1192 1744 1381 1804 coetu
1426 1741 1629 1825 viget,

279 1851 398 1894 nec
442 1829 575 1893 ulla
620 1829 868 1894 vicibus
916 1830 1125 1931 surgit
1168 1829 1432 1894 alternis
1480 1823 1680 1893 dies

282 1940 410 2001 qua
454 1940 586 1982 non
630 1918 980 2001 propinqui
1027 1939 1292 1982 munera
1337 1918 1419 1981 ad
1463 1920 1719 1981 nostros
1765 1919 1929 1980 lares
2203 1933 2306 1982 690

281 2008 516 2091 sceptri
559 2006 946 2092 redundent3
993 2006 1231 2091 cultus,
1278 2008 1622 2091 opulentae
1668 2005 1888 2091 dapes,

280 2097 515 2160 donata
559 2096 783 2160 multis
830 2097 1037 2182 gratia
1082 2099 1301 2160 nostra
1349 2098 1548 2160 salus:

280 2186 436 2269 quid
480 2189 615 2248 tam
661 2184 884 2249 beatae
932 2186 1112 2249 desse
1156 2185 1454 2249 fortunae
1500 2184 1681 2248 rear?

280 2290 439 2338 ΟΕΙ).
489 2272 674 2348 Quod
712 2274 878 2338 dest:
926 2274 1203 2339 secunda
1239 2295 1372 2338 non
1408 2273 1648 2338 habent
1683 2294 1991 2355 umquam
2029 2273 2308 2336 modum.

284 2379 386 2426 CR.
431 2360 770 2448 Incognita
818 2363 1018 2448 igitur
1062 2367 1136 2427 ut
1180 2384 1418 2427 nocens
1467 2383 1655 2426 causa
1702 2363 1965 2426 cadam?
2204 2377 2305 2425 695

282 2468 440 2516 ΟΕΙ).
486 2449 663 2516 Num
709 2452 876 2515 ratio
924 2451 1108 2516 vobis
1153 2451 1403 2515 reddita
1451 2455 1548 2516 est
1592 2452 1762 2515 vitae
1809 2451 2031 2514 meae?

278 2562 434 2604 num
481 2539 700 2603 audita
748 2563 941 2605 causa
988 2544 1085 2604 est
1129 2543 1349 2604 nostra
1394 2539 1720 2604 Tiresiae?
1765 2544 1982 2603 tamen

279 2632 496 2693 sontes
543 2629 852 2693 videmur.
942 2628 1156 2693 facitis
1204 2629 1596 2712 exemplum:
1645 2649 1891 2711 sequor.

281 2734 382 2780 GR.
432 2716 602 2792 Quid
648 2719 703 2781 si
749 2719 1056 2783 innocens
1104 2718 1290 2781 sum?

313 2878 324 2890 ‚
1138 2824 1297 2872 OED.
1351 2805 1565 2870 Dubia
1610 2826 1728 2889 pro
1777 2805 1966 2868 certis
2012 2804 2221 2867 solent

277 2880 505 2942 timere
550 2899 751 2962 reges.

693 2983 795 3030 CR.
843 2964 968 3042 Qui
1011 2970 1205 3049 pavet
1250 2987 1450 3030 vanos
1495 2969 1732 3049 metus,
2207 2977 2309 3026 700

278 3076 462 3119 veros
508 3058 805 3118 meretur.

689 3159 849 3207 OED.
899 3141 1203 3226 Quisquis
1251 3143 1321 3206 in
1368 3142 1556 3225 culpa
1601 3142 1754 3224 fuit,

420 3339 524 3388 6⁷5
563 3333 670 3387 hoc
707 3337 931 3389 tantum
960 3335 1194 3403 Bentley
1220 3336 1238 3402 ΙΙ
1267 3339 1372 3387 676
1409 3349 1480 3386 110
1516 3348 1623 3385 100.
1654 3335 1700 3384 A
1727 3336 1745 3399 u
1774 3337 1879 3384 679
1918 3349 2031 3384 cns.
2070 3332 2190 3383 tam
2226 3348 2306 3399 gr.

280 3419 455 3473 tegna
484 3421 681 3459 cresua
710 3405 874 3459 deam
903 3411 946 3458 Ε
974 3408 993 3475 ΙΙ
1021 3410 1125 3458 680
1154 3404 1189 3457 i.
1207 3422 1259 3456 u.
1292 3404 1391 3473 qui
1419 3420 1478 3457 se
1507 3403 1699 3457 subter
1725 3409 1767 3454 Ε
1801 3405 1809 3473 Ι
1842 3402 2017 3456 etiam
2043 3417 2192 3454 nunc
2220 3401 2313 3525 Δίῃ

279 3480 385 3528 689
423 3476 676 3545 cupienti
714 3494 821 3530 vox
847 3483 890 3529 Ε
918 3479 938 3546 ΙΙ
965 3481 1067 3530 683
1108 3479 1165 3529 et
1196 3475 1404 3529 totium
1431 3481 1473 3527 E
1508 3477 1515 3544 Ι
1549 3491 1721 3528 somn.
1754 3474 1914 3541 sequi
1942 3479 1987 3525 A
2013 3475 2033 3543 ss
2060 3477 2162 3526 685
2199 3472 2267 3526 de

279 3545 397 3601 dies
436 3552 481 3598 A
526 3551 546 3617 ΙΙ
591 3554 696 3601 686
732 3551 938 3617 praest.
988 3547 1108 3610 dies
1146 3550 1192 3599 A
1233 3548 1251 3615 ΙΙ
1298 3551 1400 3599 693
1439 3562 1564 3600 reor
1598 3552 1641 3598 Ε
1687 3549 1707 3615 ιΙ
1751 3550 1855 3598 694
1894 3545 2046 3612 quod
2089 3559 2179 3597 res
2225 3559 2309 3596 se-

280 3618 461 3672 cunde
498 3624 543 3670 A
579 3622 598 3688 ΙΙ
635 3625 739 3673 698
780 3635 862 3673 ex
901 3621 968 3674 ut
1005 3634 1207 3687 sequar
1245 3620 1300 3686 (a
1338 3635 1406 3672 ex
1441 3619 1495 3687 o)
1532 3617 1602 3669 ΕΙ
1631 3619 1649 3687 ΙΙ
1687 3621 1785 3669 ’101
1821 3632 1980 3670 veros
2018 3615 2230 3669 fatetur
2264 3619 2309 3665 A

1884 3704 1987 3758 15*
