2658 4117
336 218 467 282 316
982 218 1038 270 L.
1072 217 1356 270 ANNAEI
1395 217 1722 271 SENECAE

336 365 473 428 sine
521 364 696 427 exitu
743 364 1025 426 luctatur
1070 366 1134 426 et
1180 363 1432 445 quaerit
1474 363 1714 447 fugam.

337 453 444 534 da,
487 452 703 533 frater,
749 473 964 515 ensem
1013 449 1374 535 (sanguinis
1420 453 1700 514 multum
1747 451 1874 514 mei

334 540 531 604 habet
574 538 740 625 ille):
786 541 955 603 ferro
1001 540 1221 603 liberis
1270 539 1456 603 detur
1499 540 1620 602 via.

336 633 611 713 negatur
654 628 868 692 ensis?
913 632 1176 710 pectora
1220 627 1411 691 inliso
1461 631 1690 691 sonent
2228 645 2371 693 1045

337 721 605 781 contusa
648 718 915 799 planctu
953 753 1040 762 ——
1077 717 1349 799 sustine,
1395 717 1646 799 infelix,
1692 738 1981 798 manum,

337 827 675 889 parcamus
722 805 984 869 umbris.
1077 805 1205 869 tale
1254 806 1398 888 quis
1443 805 1608 869 vidit
1653 803 1875 868 nefas?

339 895 483 977 quis
529 893 940 977 inhospitalis
988 892 1257 958 Caucasi
1300 915 1528 976 rupem
1575 915 1864 976 asperam

336 981 710 1046 Heniochus
757 983 1056 1046 habitans
1105 983 1327 1065 quisve
1374 981 1700 1065 Cecropiis
1747 986 1954 1045 metus

337 1072 522 1135 terris
569 1070 988 1135 Procrustes?
1038 1071 1292 1156 genitor
1338 1093 1419 1134 en
1463 1075 1650 1134 natos
1696 1092 1918 1154 premo
2228 1088 2369 1136 1050

337 1181 720 1243 premorque
765 1160 936 1223 natis
979 1197 1053 1205 —
1098 1160 1353 1224 sceleris
1401 1163 1498 1222 est
1545 1160 1778 1241 aliquis
1825 1159 2072 1223 modus.

336 1266 493 1311 ΛΤΒ.
541 1246 780 1312 Sceleri
825 1247 1053 1311 modus
1102 1247 1371 1311 debetur
1413 1248 1528 1311 ubi
1571 1248 1769 1312 facias
1817 1248 2021 1311 scelus
2031 1298 2048 1331 ‚

336 1358 469 1400 non
515 1336 627 1399 ubi
671 1357 960 1438 rep-onaS.
1052 1337 1177 1400 hoc
1224 1358 1481 1419 quoque
1527 1337 1831 1421 exiguum
1879 1342 1976 1401 est
2021 1337 2197 1400 mihi

340 1448 418 1488 ex
465 1426 727 1488 vulnere
774 1426 915 1507 ipso
964 1425 1342 1510 sanguinem
1389 1424 1665 1488 calidum
1717 1425 1786 1488 in
1829 1429 1941 1488 tua

340 1512 684 1578 defundere
733 1535 844 1577 ora
889 1512 1108 1595 debui,
1154 1516 1228 1576 ut
1271 1513 1625 1576 viventium
2229 1529 2370 1578 1055

342 1602 592 1666 biberes
640 1623 930 1666 cruorem
967 1639 1055 1647 —-
1092 1602 1289 1666 verba
1334 1605 1486 1665 sunt
1532 1602 1662 1665 irae
1709 1601 1856 1666 data

340 1690 491 1754 dum
539 1712 832 1773 propero,
922 1690 1096 1754 ferro
1142 1691 1410 1754 vulnera
1453 1690 1765 1773 impresso
1816 1689 1986 1773 dedi,

340 1778 540 1842 cecidi
585 1778 665 1842 ad
712 1800 881 1860 aras,
928 1778 1118 1843 caede
1163 1779 1384 1843 votiva
1427 1779 1607 1843 focos

340 1867 588 1967 placavi
636 1870 701 1930 et
748 1829 952 1949 arlais,
996 1888 1268 1950 corpora
1314 1868 1611 1931 exanima
1657 1871 2024 1949 amputans,

338 1956 407 2018 in
451 1976 650 2037 parva
694 1956 904 2039 carpsi
945 1956 1154 2020 frusta
1199 1960 1264 2020 et
1307 1955 1468 2020 haec
1511 1956 1907 2020 ferventibus
2229 1972 2372 2020 1000

339 2043 611 2108 demersi
657 2044 860 2128 aenis,
906 2045 1021 2109 illa
1064 2045 1257 2133 lentis
1302 2044 1564 2131 ignibus

339 2133 581 2196 stillare
629 2133 813 2216 iussi3
859 2134 1149 2197 membra
1192 2155 1554 2216 nervosque
1600 2133 1843 2197 abscidi

337 2221 732 2303 viventibus,
778 2222 1130 2305 gracilique
1177 2222 1476 2286 traiectas
1522 2244 1677 2285 veru

339 2309 586 2394 mugire
631 2309 826 2372 fibras
871 2310 1005 2373 vidi
1051 2314 1116 2374 et
1160 2311 1415 2395 aggessi
1460 2332 1655 2374 manu

338 2420 481 2461 mea
526 2397 663 2480 ipse
708 2397 1000 2463 flammas
1038 2436 1125 2445 —
1164 2399 1381 2462 omnia
1425 2399 1584 2463 haec
1631 2399 1860 2462 melius
1907 2402 2089 2481 pater
2228 2413 2370 2463 1065

337 2487 564 2550 fecisse
611 2487 855 2568 potuit,
901 2488 1130 2553 cecidit
1175 2488 1244 2552 in
1291 2509 1543 2551 cassum
1591 2487 1799 2551 dolor:

340 2575 528 2638 scidit
575 2597 683 2639 ore
728 2578 916 2639 natos
963 2576 1165 2659 impio
1176 2626 1193 2659 ,
1240 2575 1353 2641 sed
1397 2576 1713 2658 nesciens,

340 2662 450 2727 sed
495 2664 870 2728 nescientes,
963 2682 1120 2728 THY.
1169 2664 1405 2729 Clausa
1447 2665 1747 2728 litoribus
1793 2664 1976 2748 vagis

342 2751 557 2816 audite
603 2753 832 2835 maria,
877 2774 992 2817 vos
1042 2775 1296 2836 quoque
1344 2753 1559 2817 audite
1605 2753 1730 2817 hoc
1777 2753 2010 2833 scelus,

340 2862 772 2926 quocumque,
820 2841 912 2924 di,
956 2842 1233 2926 fugistis
1327 2841 1543 2906 audite
1563 2841 1804 2943 ,infern
2228 2856 2371 2905 1070

340 2930 553 2993 audite
595 2933 829 3012 terrae,
873 2928 1151 3013 Noxque
1189 2929 1491 2994 Tartarea
1536 2952 1748 3015 gravls

341 3022 405 3082 et
451 3021 588 3082 atra
632 3019 831 3100 nube,
877 3019 1143 3083 vocibus
1189 3019 1428 3083 nostris
1474 3040 1631 3084 vaca

345 3105 495 3191 (tibi
542 3128 685 3170 sum
732 3107 1023 3190 relictus,
1071 3109 1208 3171 sola
1253 3112 1325 3171 tu
1372 3108 1674 3171 miserum
1722 3105 1928 3189 videS‚

482 3286 616 3333 1042
653 3280 875 3348 quaerit
910 3281 1064 3334 uiam
1101 3285 1147 3332 A
1183 3283 1202 3350 ΙΙ
1236 3285 1370 3334 1044
1409 3281 1603 3333 demus
1639 3279 1794 3333 uiam
1831 3284 1877 3331 A
1914 3284 1932 3349 ΙΙ
1969 3285 2103 3332 1052
2142 3279 2370 3333 sceleris

340 3369 411 3403 m.
444 3350 673 3405 dabitur
707 3356 781 3403 Ar
816 3356 834 3421 ιι
862 3356 996 3404 1054
1035 3351 1303 3405 callidum
1332 3354 1580 3420 Eu1055
1620 3350 1933 3405 diffundere
1962 3356 2007 3402 A
2034 3353 2052 3419 n
2081 3356 2214 3404 1000
2252 3350 2371 3403 fru-

343 3424 459 3474 stra
493 3426 566 3473 Av
619 3425 638 3492 ΙΙ
691 3427 822 3477 1063
861 3423 1097 3476 traiecto
1135 3427 1181 3474 A
1233 3424 1253 3491 ΙΙ
1307 3427 1442 3475 1004
1481 3422 1730 3491 aggressi
1767 3429 1809 3474 Ε
1865 3425 1883 3490 ΙΙ
1944 3426 2075 3475 1065
2114 3421 2239 3491 ipsa
2278 3428 2320 3474 E

341 3496 474 3544 1069
520 3509 726 3559 vosque
774 3493 855 3547 dji
903 3493 1096 3546 audite
1133 3497 1179 3544 A
1241 3495 1258 3561 ΙΙ
1323 3498 1456 3545 1070
1502 3510 1553 3559 q.
1600 3491 1904 3562 diffugistis
1942 3498 2041 3545 EA
2085 3509 2221 3548 corr.
2257 3504 2313 3558 ψ

342 3565 475 3613 1072
513 3562 800 3629 geminata
835 3563 984 3617 nube
1022 3565 1256 3634 Bentley
