2658 4117
376 262 508 325 334
1025 262 1084 315 L.
1114 262 1398 316 ANNAEI
1436 260 1764 316 SENECAE

376 406 648 470 referam
697 406 853 489 quid
898 407 1101 471 alias?
1147 429 1380 490 nempe
1417 407 1808 490 Thespiades
1858 412 2086 471 vacant

375 495 680 577 brevique
726 496 795 557 in
842 496 986 559 illas
1034 496 1190 559 arsit
1228 494 1488 560 Alcides
1533 496 1689 559 face.
2303 513 2419 561 370

373 583 608 666 hospes
647 582 885 648 Timoli
930 584 1198 667 Lydiam
1245 584 1411 648 fovit
1455 607 1688 648 nurum

375 677 438 735 et
485 694 700 735 amore
748 676 972 755 captus
1020 673 1100 736 ad
1146 673 1318 737 leves
1367 673 1533 737 sedit
1580 673 1785 756 colus,

374 760 574 824 udum
621 761 821 824 feroci
868 765 1117 825 stamen
1162 762 1539 846 intorquens
1587 784 1798 825 manu.

373 871 602 931 nempe
648 850 762 912 illa
809 851 1024 913 cervix
1071 851 1279 933 spolia
1326 851 1623 934 deposuit
1666 851 1837 914 ferae

374 938 742 1020 crinemque
789 939 981 1001 mitra
1026 940 1260 1021 pressit
1306 943 1371 1002 et
1413 940 1694 1003 famulus
1742 940 1950 1021 stetit,
2300 956 2407 1003 375

373 1025 610 1089 hirtam
660 1024 906 1091 Sabaea
950 1027 1270 1091 marcidus
1318 1028 1580 1111 myrrha
1626 1048 1903 1091 comam:

373 1114 613 1198 ubique
659 1116 886 1198 caluit,
932 1116 1044 1180 sed
1088 1117 1216 1180 levi
1265 1118 1464 1181 caluit
1507 1118 1663 1181 face.

373 1220 514 1265 DEI.
560 1202 839 1267 Haerere
887 1208 1173 1268 amantes
1219 1209 1369 1287 post
1413 1226 1612 1289 vagos
1659 1206 1841 1290 ignes
1890 1205 2113 1268 solent.

371 1308 533 1355 NVT.
580 1290 997 1355 Famulamne
1044 1297 1108 1356 et
1152 1292 1360 1356 hostis
1408 1295 1722 1376 praeferet
1768 1297 2029 1379 gnatam
2076 1292 2243 1357 tibi?

373 1397 511 1442 DEI.
558 1379 651 1443 Vt
697 1381 828 1444 alta
874 1381 1067 1444 silvas
1112 1381 1322 1444 forma
1368 1387 1705 1446 vernantes
1752 1382 1975 1465 habet,
2299 1397 2404 1445 380

373 1490 532 1550 quas
577 1491 839 1533 nemore
883 1469 1056 1533 nudo
1104 1471 1350 1552 primus
1397 1471 1662 1535 investit
1708 1473 1912 1555 tepor,

373 1559 440 1619 at
485 1578 631 1621 cum
679 1558 925 1621 solutos
972 1560 1221 1640 expulit
1266 1557 1504 1623 Boreas
1551 1558 1761 1623 Notos

372 1647 438 1708 et
484 1667 671 1710 saeva
714 1649 886 1711 totas
933 1646 1162 1711 bruma
1209 1648 1511 1732 discussit
1557 1669 1772 1713 comas
1782 1700 1800 1732 ‚

373 1733 655 1798 deforme
703 1735 856 1799 solis
905 1736 1139 1818 aspicis
1185 1737 1430 1800 truncis
1476 1759 1728 1801 nemus:

372 1824 464 1886 sic
508 1827 729 1887 nostra
772 1826 1043 1909 longum
1088 1824 1298 1888 forma
1344 1847 1719 1909 percurrens
1766 1826 1889 1890 iter
2297 1841 2403 1889 385

372 1912 664 1994 deperdit
710 1912 955 1995 aliquid
1003 1935 1253 1997 semper
1299 1918 1363 1977 et
1408 1915 1619 2000 fulget
1664 1916 1877 1979 minus

371 2020 490 2064 nec
536 2001 650 2065 illa
693 2004 878 2065 vetus
925 2004 1038 2067 est.
1134 2003 1444 2087 quicquid
1488 2004 1557 2068 in
1602 2004 1790 2068 nobis
1835 2003 1963 2067 fuit

371 2090 527 2153 olim
574 2091 851 2173 petitum
900 2091 1133 2155 cecidit
1179 2094 1292 2155 aut
1338 2093 1579 2174 pariter
1622 2093 1814 2156 labat.

371 2181 545 2241 aetas
596 2179 794 2242 citato
844 2180 1058 2242 senior
1103 2181 1339 2263 eripuit
1384 2182 1587 2265 gradu
2292 2196 2401 2244 890

370 2268 701 2348 materque
749 2267 1027 2330 multum
1072 2270 1289 2350 rapuit
1337 2292 1416 2332 ex
1461 2270 1575 2333 illo
1623 2268 1799 2333 mihi.
2295 2283 2401 2332 389

368 2354 545 2418 vides
592 2358 666 2418 ut
713 2355 915 2418 altum
960 2355 1203 2420 famula
1248 2380 1381 2421 non
1426 2358 1652 2441 perdat
1699 2357 1935 2421 decus?
2295 2373 2398 2420 391

370 2465 614 2507 cessere
663 2444 874 2508 cultus
922 2445 1180 2528 penitus
1228 2449 1291 2508 et
1339 2446 1578 2528 paedor
1624 2447 1826 2531 sedet3

511 2622 615 2669 369
652 2616 960 2686 Thespides
997 2624 1039 2669 Ε
1077 2634 1239 2671 mene
1268 2619 1614 2687 Thespiades
1651 2617 1888 2673 vocant?
1925 2624 1971 2672 A
1997 2623 2015 2688 ΙΙ
2044 2624 2148 2672 870
2184 2618 2244 2671 in
2281 2618 2399 2672 illis

367 2689 441 2740 N.
464 2687 738 2742 Heinsius
763 2691 782 2757 ΙΙ
811 2693 908 2741 371
945 2688 997 2742 h.
1027 2688 1385 2756 tymolidiam
1423 2689 1460 2743 f.
1491 2708 1543 2743 n.
1574 2696 1617 2742 E
1646 2693 1664 2760 ΙΙ
1692 2695 1803 2743 872
1830 2705 2094 2757 meroque
2121 2691 2198 2744 N.
2217 2690 2400 2743 Hein-

366 2760 483 2812 sius
505 2775 561 2827 p.
593 2762 696 2812 441
727 2760 843 2814 coll.
873 2777 920 2813 υ.
953 2763 1064 2813 572
1095 2763 1103 2828 Ι
1137 2759 1287 2814 colos
1326 2777 1382 2814 ω
1410 2763 1429 2829 ΙΙ
1458 2766 1560 2813 878
1599 2779 1772 2813 unum
1801 2766 1847 2812 A
1887 2760 2071 2815 colum
2107 2760 2147 2813 f.
2178 2766 2220 2811 Ε
2258 2777 2395 2815 corr.

371 2830 436 2884 G.
473 2830 672 2884 Canter
705 2846 830 2884 nov.
861 2832 973 2886 lect.
994 2847 1055 2898 p.
1087 2835 1196 2884 137
1233 2833 1510 2901 (tenerum
1547 2833 1699 2902 Birt)
1733 2834 1740 2901 Ι
1772 2834 1963 2885 tamen
2000 2838 2044 2884 E
2084 2835 2103 2902 11
2145 2836 2248 2884 874
2284 2831 2399 2884 Ne-

367 2915 563 2953 meaea
601 2917 645 2954 c.
676 2901 752 2953 N.
784 2901 977 2955 Heius.
1013 2919 1073 2970 p.
1104 2906 1214 2956 442
1267 2905 1285 2972 ΙΙ
1341 2908 1444 2956 878
1482 2905 1716 2958 nutricis
1751 2910 1938 2958 notam
1973 2903 2078 2956 hue
2112 2903 2400 2957 transtulit

367 2987 435 3024 ex
470 2988 516 3024 v.
551 2974 660 3026 379
695 2977 739 3023 E
767 2974 786 3041 ΙΙ
814 2977 918 3025 879
955 2970 1228 3025 famulam
1264 2989 1370 3027 nec
1407 2973 1460 3029 h.
1490 2980 1532 3028 E
1566 2977 1573 3043 Ι
1607 2974 1858 3044 galatam
1886 2979 1929 3025 E
1955 2975 1975 3042 ss
2005 2977 2287 3025 880-890
2323 2974 2393 3039 cf.

373 3042 479 3096 Leo
524 3043 568 3094 I
596 3045 703 3096 194
727 3059 836 3110 sqq.
877 3043 961 3096 M.
994 3044 1205 3098 Muller
1240 3061 1300 3112 p.
1344 3048 1415 3097 44
1438 3062 1547 3113 sqq.
1612 3048 1632 3114 ΙΙ
1696 3051 1799 3098 880
1849 3047 1914 3098 ut
1958 3044 2111 3097 laeta
2158 3045 2397 3114 Madvig]

366 3113 444 3166 II
467 3117 595 3178 126,
642 3120 702 3167 at
737 3114 806 3179 cf.
846 3130 892 3167 v.
926 3117 1030 3168 391
1083 3118 1090 3184 Ι
1141 3130 1292 3168 uern.
1336 3114 1441 3168 alit
1477 3120 1523 3168 A
1586 3118 1604 3185 ΙΙ
1669 3121 1764 3168 881
1804 3133 1929 3168 cum
1977 3131 2205 3168 nemora
2240 3115 2397 3168 nuda

367 3184 431 3238 ci.
465 3185 578 3238 Leo
641 3187 660 3254 ΙΙ
724 3189 828 3236 882
866 3184 1070 3239 extulit
1104 3187 1187 3239 vel
1223 3186 1439 3241 excutit
1473 3198 1529 3252 ψ
1569 3184 1736 3254 (illud
1774 3187 1871 3241 Va.
1903 3188 2008 3256 Ay.
2037 3187 2135 3241 hoc
2169 3192 2216 3238 R.
2243 3190 2338 3252 10)
2378 3189 2396 3256 ΙΙ

367 3259 470 3306 888
511 3254 758 3309 decussit
793 3259 839 3307 A
900 3258 919 3325 ΙΙ
982 3260 1087 3309 884
1125 3257 1332 3325 aspicit
1368 3263 1410 3308 Ε
1475 3260 1494 3325 ΙΙ
1558 3262 1660 3311 887
1708 3272 1811 3311 nec
1857 3256 1959 3310 ina
2004 3273 2181 3311 uenus
2228 3258 2314 3309 est
2350 3262 2395 3308 B

369 3341 505 3380 corr.
529 3326 811 3380 Baehrens
837 3326 1000 3396 (haec
1028 3326 1130 3380 illa
1154 3327 1343 3381 Venus
1360 3329 1662 3396 Kiefslixny)
1688 3327 1967 3395 malisque
1994 3327 2178 3381 minus
2199 3329 2285 3381 est
2303 3328 2397 3398 ΔἨ

367 3401 471 3447 888
510 3399 567 3450 et
614 3396 828 3465 pariter
862 3403 904 3451 E
950 3415 1085 3453 corr.
1128 3399 1211 3452 M.
1245 3399 1479 3466 Muller,
1528 3401 1586 3451 et
1631 3401 1798 3467 partu
1835 3404 1881 3450 A
1921 3398 1928 3470 1
1971 3398 2396 3468 (laborMater-

367 3483 475 3533 que
503 3469 568 3521 ci.
601 3468 733 3536 Leo)
762 3471 781 3536 Η
809 3473 914 3520 890
941 3469 1041 3523 del.
1072 3469 1414 3536 Habrucker,
1447 3476 1572 3524 ante
1598 3486 1646 3523 v.
1679 3475 1783 3521 889
1803 3471 1993 3537 posuit
2023 3470 2106 3523 M.
2139 3469 2351 3522 Muller
2384 3469 2392 3540 Ι

368 3552 435 3588 ex
463 3537 573 3589 isto
600 3537 739 3590 mihi
769 3539 1001 3608 Bentley
1029 3542 1046 3609 ΙΙ
1075 3545 1178 3593 892
1214 3539 1404 3594 nullus
1433 3558 1488 3595 ω
1522 3557 1656 3595 corr.
1687 3541 1761 3593 D.
1784 3540 2055 3594 Heinsius
2074 3541 2174 3608 (N.
2196 3540 2393 3593 Heius.
