2658 4117
411 253 498 318 80
1050 255 1108 308 L.
1138 254 1422 308 ANNAEI
1459 256 1785 312 SENECAE

629 401 781 464 dum
824 399 998 463 luem
1043 404 1289 464 tantam
1339 400 1566 466 Troiae
1611 407 1803 486 atque
1849 402 2114 470 Achivis

629 510 791 571 quae
835 488 1013 572 tulit,
1061 487 1315 572 Sparte,
1362 493 1587 573 procul
1633 492 1827 575 absit,
1873 494 2045 558 absit

630 577 842 662 Argos
889 582 953 641 et
1000 579 1171 642 saevi
1215 577 1474 662 Pelopis
1520 579 1850 664 Mycenae,
2262 636 2265 647 ,
2322 601 2428 649 855

630 663 891 729 Neritos
938 689 1133 750 parva
1179 667 1435 732 brevior
1478 667 1806 752 Zacyntho

632 759 696 819 et
739 776 975 818 nocens
1022 756 1192 818 saxis
1237 755 1455 821 Ithace
1503 756 1757 822 dolosis.

764 842 948 918 Quod
993 848 1209 909 manet
1253 845 1459 910 fatum
1507 847 1929 931 dominusque
1975 849 2119 931 quis
2165 853 2256 932 te,

630 936 742 996 aut
788 933 1021 1014 quibus
1066 933 1277 1016 terris,
1324 933 1616 1018 Hecuba,
1662 937 1995 1001 videndam

633 1021 865 1085 ducet?
910 1023 979 1084 in
1024 1023 1202 1087 cuius
1249 1025 1519 1088 moriere
1566 1026 1808 1110 regno?
2324 1042 2430 1092 860

676 1214 1043 1281 HELENA
1115 1215 1733 1283 ANDROMACHA
1806 1219 2163 1285 HEOVBA

546 1339 944 1423 Quicumque
987 1341 1225 1424 hymen
1270 1342 1588 1426 funestus,
1635 1345 2021 1410 inlaetabilis

412 1434 691 1497 lamenta
738 1430 957 1494 caedes
1006 1431 1380 1514 sanguinem
1427 1434 1703 1518 gemitus
1749 1433 1944 1497 habet

415 1525 512 1586 est
557 1519 813 1603 auspice
858 1518 1104 1583 Helena
1150 1519 1398 1603 dignus.
1491 1522 1724 1586 eversis
1773 1543 2028 1604 quoque

414 1630 643 1674 nocere
690 1629 888 1693 cogor
930 1607 1320 1692 Phrygibus:
1369 1631 1488 1695 ego
1534 1609 1766 1693 Pyrrhi
1812 1615 1988 1675 toros

418 1720 672 1763 narrare
715 1697 913 1761 falsos
958 1697 1199 1780 iubeor,
1246 1719 1366 1782 ego
1415 1699 1622 1762 cultus
1670 1700 1818 1763 dare
2328 1716 2432 1765 865

414 1788 800 1868 habitusque
848 1783 1089 1849 Graios.
1178 1789 1314 1850 arte
1360 1788 1646 1870 capietur
1689 1811 1830 1852 mea

417 1897 685 1958 meaque
728 1873 951 1937 fraude
997 1875 1287 1938 concidet
1334 1875 1578 1939 Paridis
1626 1898 1820 1941 soror.

416 1966 702 2049 fallatu13
747 1963 872 2046 ipsi
916 1964 1119 2026 levius
1165 1963 1290 2028 hoc
1336 1965 1627 2047 equidem
1665 1988 1845 2030 reor:

420 2053 699 2138 optanda
742 2073 915 2115 mors
962 2056 1057 2116 est
1105 2053 1239 2116 sine
1285 2057 1462 2117 metu
1506 2055 1733 2119 mortis
1776 2056 1958 2120 mori.

417 2142 573 2226 quid
616 2142 787 2205 iussa
833 2162 1038 2205 cessas
1084 2143 1312 2226 agere?
1358 2143 1438 2206 ad
1484 2148 1807 2208 auctorem
1855 2146 2019 2210 redit
2326 2161 2431 2209 870

420 2231 672 2295 sceleris
719 2231 922 2294 coacti
968 2230 1170 2313 culpa.
1224 2268 1300 2277 —
1352 2231 1708 2314 Dardaniae
1755 2235 1982 2298 domus

420 2339 728 2405 generosa
770 2319 952 2403 virgo
963 2369 981 2401 ,
1025 2320 1254 2383 melior
1297 2320 1571 2385 afflictos
1618 2322 1771 2385 deus

419 2409 731 2491 respicere
780 2408 990 2490 coepit
1034 2412 1225 2489 teque
1270 2409 1444 2473 felici
1489 2415 1671 2493 parat

421 2498 640 2561 dotare
686 2496 995 2580 thalam03
1042 2498 1171 2560 tale
1217 2498 1588 2583 coniugium
1633 2500 1754 2564 tibi

285 1268 338 1289 (w

418 2607 552 2649 non
594 2586 733 2668 ipsa
779 2606 996 2668 sospes
1041 2584 1257 2668 Troia,
1302 2608 1436 2650 non
1479 2586 1771 2651 Priamus
1818 2588 2011 2651 daret.
2329 2602 2432 2651 875

418 2697 568 2739 nam
613 2679 678 2738 te
724 2673 1027 2758 Pelasgae
1071 2676 1424 2738 maximum
1471 2678 1679 2761 gentis
1726 2678 1945 2759 decus,

420 2764 525 2829 cui
568 2786 765 2850 regna
810 2765 1020 2846 campi
1064 2764 1196 2827 lata
1241 2763 1589 2828 Thessalici
1634 2769 1883 2848 patent,
2332 2778 2437 2827 878

420 2853 501 2916 ad
547 2856 765 2916 sancta
807 2853 960 2915 lecti
1003 2853 1143 2915 iura
1186 2853 1463 2938 legitimi
1508 2855 1686 2936 petit.
2333 2867 2437 2916 877

421 2946 486 3006 te
530 2933 774 3028 magna*
807 2940 1048 3024 Tethys
1093 2944 1284 3023 teque
1329 2945 1430 3005 tot
1474 2943 1687 3027 pelagi
1734 2943 1885 3007 deae

420 3031 869 3115 placidumque
913 3052 1153 3094 numen
1196 3031 1491 3112 aequoris
1535 3032 1767 3095 tumidi
1812 3031 2032 3095 Thetis
2333 3044 2440 3093 880

564 3192 667 3241 856
703 3186 950 3241 breuiter
985 3186 1283 3241 zachintho
1321 3192 1364 3239 E
1409 3186 1658 3241 iacintho
1695 3193 1740 3240 A
1785 3187 2011 3241 acintho
2049 3204 2090 3241 τ
2135 3189 2154 3257 [Ι
2201 3191 2305 3238 859
2342 3185 2439 3239 he-

425 3258 565 3312 cube
600 3262 647 3311 A
672 3260 691 3328 ΙΙ
720 3264 815 3312 861
851 3259 1013 3313 inser.
1060 3275 1161 3312 om.
1200 3258 1303 3328 Ag.
1353 3275 1420 3324 τ,
1464 3258 1695 3312 Hecuba
1730 3275 1830 3313 om.
1879 3258 1978 3311 Vd.
2013 3260 2021 3327 Ι
2056 3263 2152 3310 861
2188 3258 2444 3324 adfertwr

423 3346 463 3381 a
479 3331 862 3397 Pseudoprobo
879 3331 948 3396 cf.
963 3331 1144 3398 praef.
1160 3346 1278 3397 cap.
1291 3330 1369 3383 II
1388 3332 1406 3399 ΙΙ
1434 3334 1536 3382 865
1557 3346 1755 3398 parare
1773 3330 1857 3383 vel
1869 3345 2066 3383 ornare
2085 3330 2161 3383 N.
2175 3330 2446 3383 Heinsius

417 3416 476 3468 p.
506 3404 616 3454 156
645 3402 737 3467 (ef.
766 3418 814 3455 v.
844 3405 983 3468 898)
1012 3403 1031 3470 ΙΙ
1060 3406 1161 3453 868
1199 3400 1437 3454 fidenter
1462 3401 1574 3469 ipsi
1600 3406 1645 3453 A
1677 3403 1684 3470 Ι
1717 3400 2010 3454 ftaudetur
2037 3418 2080 3454 α
2107 3403 2126 3470 ΙΙ
2155 3405 2257 3453 869
2284 3402 2444 3453 metu

423 3484 524 3523 om.-
561 3476 605 3522 Ε
658 3473 678 3540 ΙΙ
731 3475 838 3523 870
871 3474 1125 3528 auctores
1161 3477 1206 3524 A
1250 3475 1269 3541 u
1316 3477 1420 3526 872
1457 3472 1658 3525 melius
1695 3478 1737 3525 E
1783 3475 1802 3541 ΙΙ
1849 3477 1951 3525 877
1985 3478 2112 3541 post
2148 3476 2250 3524 878
2280 3474 2448 3539 ponit

423 3539 867 3678 ῆοέὂοᾱαΙηΒέω
887 3542 995 3596 tibi
1023 3543 1254 3613 Bentley
1284 3544 1295 3613 Ι
1326 3544 1513 3597 iacent
1539 3549 1584 3596 A
1611 3546 1630 3614 ΙΙ
1659 3549 1761 3597 879
1789 3542 2002 3597 thethis
2028 3549 2071 3595 E
2098 3544 2116 3612 ΙΙ
2145 3547 2248 3594 880
2275 3548 2444 3596 om.·E

425 3627 454 3665 c
483 3653 494 3664 .
579 3627 643 3666 eo
