2658 4117
380 246 506 314 142
1020 252 1077 306 L.
1109 246 1391 304 ANNAEI
1430 252 1754 309 SENECAE

691 399 964 463 fulmine
1010 402 1075 461 et
1121 402 1322 481 ponto
1371 399 1649 462 moriens
1697 397 1914 467 Oileus
2291 420 2392 467 661

780 513 812 546 »ι
986 534 989 535 ⁷
1083 577 1094 588 .
1139 511 1186 588 ιιι.
1351 488 1687 572 patrioque
1733 488 1969 573 pendet
2292 509 2395 556 660

1010 597 1273 640 er1m1ne
1320 598 1586 658 poenas:

688 738 837 823 igne
881 736 1097 800 fallaci
1142 737 1473 800 nociturus
1519 734 1713 822 Argis
2290 757 2392 805 658

686 825 1008 910 Nauplius
1054 847 1358 909 praeceps
1405 826 1588 890 cadet
1634 827 1703 889 in
1748 826 2167 911 profundum,
2289 846 2392 895 659

690 916 983 1001 coniugis
1028 916 1234 979 fatum
1280 915 1597 979 redimens
1644 914 1911 979 Pheraei
2053 959 2056 963 <
2289 935 2393 989 662

685 1027 849 1068 uxor
895 1003 1222 1087 impendes
1269 1005 1548 1068 animam
1596 1004 1844 1068 marito,

688 1094 825 1176 ipse
873 1094 986 1176 qui
1030 1093 1333 1176 praedam
1381 1092 1786 1176 spoliumque
1833 1094 2021 1158 iussit

687 1205 950 1266 aureum
995 1182 1203 1265 prima
1245 1182 1462 1245 revehi
1511 1183 1753 1265 carina,
2287 1202 2390 1250 665

666 1272 848 1339 ·.arsit
893 1292 1158 1336 accenso
1205 1269 1418 1334 Pelias
1466 1292 1642 1335 aene.

687 1360 899 1444 [ustus
947 1363 1250 1444 angustas
1298 1382 1500 1445 vagus
1547 1361 1715 1423 inter
1759 1359 2007 1442 undas]

684 1450 811 1512 iam
861 1450 1043 1531 satiS‚
1089 1448 1247 1531 divi,
1293 1471 1468 1512 mare
1511 1450 1910 1514 vindicastis:

1007 1537 1250 1621 parcite
1298 1539 1492 1624 iusso,

1208 1750 1273 1815 N
1275 1750 1545 1815 VTRIX

496 1875 699 1941 Pavet
742 1878 1022 1960 animus,
1065 1877 1310 1960 horret,
1358 1898 1593 1962 magna
1637 1876 1949 1959 pernicies
1997 1877 2191 1941 adest.
2282 1895 2388 1943 670

364 1989 656 2120 ὲῗὲῗὲἒῇ
689 1965 1940 2140 ‘ffissffiqffigsssssstssssffi3322}

362 2145 497 2209 vidi
541 2146 858 2209 furentem
908 2166 1095 2226 saepe
1143 2149 1206 2208 et
1252 2166 1619 2229 aggressam
1665 2144 1842 2228 deos,

364 2235 611 2297 eaelum
657 2233 1042 2297 trahentem:
1090 2234 1296 2297 maius
1345 2234 1473 2315 his,
1524 2234 1729 2318 maius
1776 2237 1960 2315 parat
2038 2246 2042 2250 ’

361 2322 587 2386 Medea
631 2326 1007 2385 monstrum.
1099 2344 1377 2405 namque
1422 2326 1496 2385 ut
1541 2322 1817 2385 attonito
1867 2323 2066 2406 gradu
2282 2340 2384 2389 675

362 2412 566 2475 evasit
612 2415 676 2474 et
721 2412 1045 2493 penetrale
1091 2412 1418 2475 funestum
1465 2412 1709 2495 attigit,

359 2504 546 2564 totas·
579 2521 734 2583 opes
781 2499 1052 2564 effundit
1097 2504 1161 2564 et
1208 2499 1515 2583 quiequid
1560 2500 1668 2563 diu

361 2590 554 2653 etiam
601 2590 743 2672 ipsa
787 2589 1006 2652 timuit
1051 2590 1292 2673 promit
1340 2592 1530 2672 atque
1578 2611 1830 2652 omnem
1881 2590 2158 2671 explieat

359 2678 614 2743 turbam
661 2678 1005 2761 malorum,
1051 2701 1280 2742 areana
1326 2682 1568 2742 secreta
1614 2678 1854 2760 abdita,

312 2899 317 2906 θ
505 2840 607 2888 658
656 2834 754 2887 isse
802 2834 996 2888 fallaci
1040 2841 1083 2887 E
1146 2838 1165 2904 ΙΙ
1228 2840 1332 2888 658
1380 2842 1432 2888 et
1475 2839 1579 2887 656
1617 2841 1746 2904 post
1790 2840 1894 2889 660
1933 2838 2122 2904 posuit
2167 2837 2384 2904 Peiper,

308 2911 311 2918 ’
361 2922 545 2960 eorum
582 2907 646 2959 in
683 2908 856 2960 locam
892 2924 939 2960 v.
975 2912 1072 2959 661
1109 2923 1231 2960 cum
1268 2906 1592 2960 hemistichii
1628 2908 1832 2960 lacuna
1867 2915 2110 2961 revocato
2145 2925 2192 2961 v.
2224 2913 2329 2960 660
2365 2909 2386 2980 Η

359 2982 464 3030 659
503 2977 658 3031 eadit
694 2995 749 3032 ω
796 2995 930 3033 eorr.
975 2978 1177 3032 Gruter
1238 2980 1257 3046 ΙΙ
1321 2982 1427 3030 660
1467 2977 1763 3045 patrioque
1807 2977 2018 3046 pendet
2062 2978 2281 3047 (pendit
2315 2981 2382 3047 A)

361 3048 592 3102 crimine
639 3065 849 3117 poenas
896 3065 1007 3101 ano
1051 3065 1207 3102 versu
1244 3066 1300 3102 ω
1358 3048 1577 3101 crimini
1625 3065 1833 3117 poenas
1880 3049 2065 3118 patrio
2111 3049 2383 3118 rependet

360 3119 591 3173 erimine
627 3120 804 3189 patris
842 3121 907 3173 ei.
939 3121 1185 3188 Bentley.
1260 3120 1326 3173 de
1372 3120 1754 3185 Wilamowitz,
1789 3128 1852 3174 ut
1888 3121 2000 3175 Leo
2035 3121 2226 3187 refert,
2260 3128 2383 3189 post

356 3209 403 3244 v.
451 3195 560 3245 659
609 3195 746 3257 (non
789 3191 958 3245 deleto
1002 3209 1048 3243 v.
1090 3195 1223 3257 657)
1271 3192 1608 3245 intercidisse
1662 3193 1888 3246 coniecit
1942 3192 2203 3246 adonium
2258 3210 2381 3246 cam

357 3263 580 3330 stropha
615 3263 807 3317 heroas
842 3279 992 3315 nunc
1028 3263 1234 3315 Aulide
1269 3269 1541 3317 morantes
1577 3263 1669 3329 (cf.
1703 3263 1816 3316 Leo
1853 3263 1895 3314 I
1916 3267 2045 3331 135)
2082 3270 2384 3318 recensente

357 3340 407 3387 et
441 3334 674 3402 reliquos
709 3336 1162 3403 Aryonantarnm
1199 3334 1545 3403 propinquos
1588 3335 1901 3402 scelerisque
1938 3336 2239 3403 participes
2281 3336 2380 3388 ad-

356 3410 559 3457 serente
566 3425 588 3469 ,·
623 3406 873 3472 strophae
907 3405 1152 3470 frustula
1181 3421 1288 3458 esse
1314 3422 1362 3458 v.
1396 3409 1519 3459 660.
1553 3409 1660 3458 661
1699 3405 2015 3474 (patrioque
2037 3438 2102 3445 -
2124 3404 2335 3475 Oileus)
2363 3409 2383 3476 ΙΙ

342 3478 462 3526 ’663
508 3474 837 3541 impendens
883 3480 926 3526 E
973 3492 1107 3529 corr.
1152 3476 1373 3530 Gronov
1436 3476 1716 3545 impendit
1760 3482 1806 3529 A
1867 3479 1887 3545 ΙΙ
1950 3482 2055 3529 666
2075 3495 2150 3541 sq.
2191 3479 2380 3544 prima

356 3545 518 3598 verba
564 3546 742 3608 (ustus
778 3552 839 3598 “et
876 3545 1033 3615 arsit)
1079 3549 1453 3613 commutavit,
1505 3550 1736 3602 alterum
1780 3565 1828 3602 v.
1868 3549 2059 3602 delevit
2104 3549 2327 3603 Richter
2364 3551 2383 3618 ΙΙ

359 3619 464 3666 670
500 3632 709 3667 nvi-mx.
751 3634 931 3669 unum
969 3635 1023 3671 ω
1052 3621 1196 3686 11671
1234 3620 1484 3687 augessit
1510 3626 1553 3672 E
1582 3622 1600 3688 Η
1628 3624 1731 3672 677
1772 3618 1973 3673 effudit
2009 3638 2063 3674 ω
2101 3637 2235 3675 corr.
2268 3619 2383 3673 Leo
