2658 4117
384 248 515 312 212
1021 248 1080 302 L.
1110 247 1392 300 ANNAEI
1432 246 1755 301 SENECAE

381 397 610 476 tuque,
656 415 693 456 o
741 393 946 457 sereni
991 394 1344 457 maximum
1390 393 1612 456 mundi
1659 390 1878 474 decus,
2301 409 2405 457 250

384 483 488 546 bis
537 504 689 546 sena
734 504 923 548 eursu
969 483 1154 567 signa
1200 482 1310 565 qui
1357 482 1533 546 vario
1579 482 1768 566 legis,

387 572 499 654 qui
545 570 727 635 tarda
772 571 961 634 celeri
1006 573 1259 635 saecula
1305 571 1545 635 evolvis
1592 574 1761 652 rota,

383 681 689 743 sororque
732 660 917 723 fratri
962 682 1213 744 semper
1257 681 1594 724 occurrens
1640 663 1781 742 tuo,

383 749 728 834 noctivaga
770 747 1057 831 Phoebe,
1102 749 1342 832 quique
1388 753 1724 813 ventorum
1771 752 1998 832 potens

383 859 625 921 aequor
669 859 783 921 per
828 836 1028 901 altum
1077 836 1362 902 caerulos
1410 859 1630 902 currus
1677 838 1841 922 agis,
2304 854 2407 902 255

384 931 449 990 et
495 927 607 1009 qui
654 927 924 991 carentis
969 927 1111 990 luce
1157 925 1445 1009 disponis
1493 926 1744 1008 domos,

384 1016 625 1079 adeste:
674 1016 853 1079 ouius
899 1014 1093 1079 Laius
1140 1015 1363 1079 dextra
1409 1015 1669 1097 oceidit,

383 1103 557 1169 huno
602 1125 735 1168 non
781 1105 997 1187 quieta
1043 1107 1237 1187 tecta,
1282 1125 1414 1167 non
1460 1104 1573 1168 fidi
1616 1105 1809 1186 lare8‚

385 1215 518 1257 non
563 1194 901 1277 hospitalis
948 1194 1201 1256 exulem
1248 1194 1441 1257 tellus
1486 1194 1675 1277 ferat3

385 1282 688 1359 thalamis
735 1281 1049 1365 pudendis
1096 1282 1310 1345 doleat
1357 1286 1422 1344 et
1467 1282 1647 1365 prole
1693 1282 1919 1366 impia3
2307 1300 2410 1346 260

384 1371 494 1440 hic
540 1375 604 1435 et
649 1375 977 1454 parentem
1028 1371 1286 1434 dextera
1332 1371 1605 1453 perimat
1652 1392 1791 1452 sua,

384 1460 705 1543 faciatque
755 1456 937 1545 (num
986 1459 1140 1543 quid
1186 1460 1443 1545 gravius
1492 1460 1699 1544 optari
1745 1463 1958 1543 potest
1969 1457 2029 1544 5³)

391 1549 700 1632 quiequid
747 1570 866 1633 ego
911 1549 1053 1633 fugi
1090 1586 1177 1593 ——
1214 1570 1348 1612 non
1393 1549 1514 1612 erit
1558 1548 1780 1613 veniae
1825 1547 2031 1612 loeus:

391 1660 505 1722 per
551 1659 750 1722 regna
795 1639 936 1701 iuro
985 1659 1273 1720 quaeque
1320 1657 1491 1700 nuno
1535 1636 1770 1721 hospes
1817 1658 1968 1723 gero

391 1731 458 1790 et
505 1748 666 1810 qnae
710 1726 943 1810 reliqui
989 1748 1228 1810 perque
1275 1728 1631 1809 penetrales
1678 1726 1855 1810 deos,
2309 1743 2410 1789 265

389 1839 504 1900 per
550 1820 644 1898 te,
689 1819 872 1899 pater
916 1813 1245 1899 Neptune,
1292 1816 1406 1898 qui
1450 1815 1651 1879 fluctu
1697 1816 1873 1880 brevi

390 1905 719 1987 utrimque
765 1909 985 1968 nostro
1033 1906 1327 1989 geminus
1376 1904 1607 1968 alludis
1654 1906 1820 1988 solo;

393 1997 457 2057 et
502 1994 640 2077 ipse
685 1994 922 2068 nostris
969 1994 1234 2058 vocibus
1281 1994 1464 2057 testis
1510 1994 1683 2077 veni,

389 2083 653 2147 fatidica
697 2083 862 2147 vatis
910 2104 1020 2147 ora
1068 2083 1403 2147 Cirrhaeae
1449 2105 1736 2147 movens:

392 2172 485 2236 ita
530 2170 724 2234 molle
772 2172 1019 2235 senium
1068 2172 1257 2236 duoat
1304 2176 1368 2235 et
1414 2194 1734 2236 summum
1782 2173 1948 2236 diem
2310 2189 2412 2236 270

396 2282 656 2324 securus
704 2261 851 2330 alto
881 2260 1103 2324 reddat
1149 2262 1217 2324 in
1262 2262 1424 2325 solio
1472 2283 1701 2345 parens

394 2349 691 2431 solasque
736 2348 999 2432 Merope
1044 2351 1294 2413 noverit
1342 2349 1573 2432 Polybi
1616 2350 1815 2433 faces,

394 2442 468 2501 ut
513 2438 693 2501 nulla
739 2442 987 2502 sontem
1035 2439 1243 2524 gratia
1290 2439 1517 2522 eripiet
1563 2439 1739 2502 mihi.

528 2524 654 2589 Sed
699 2548 827 2610 quo
873 2526 1217 2591 nefandum
1264 2528 1515 2592 facinus
1563 2529 1910 2592 admissum
1957 2529 2100 2592 looo
2147 2532 2271 2610 est,

394 2619 769 2679 memorate:
817 2620 1038 2699 aperto
1085 2615 1291 2679 Marte
1341 2638 1422 2679 an
1467 2616 1717 2680 insidiis
1766 2617 1972 2680 iacet?
2311 2633 2413 2680 275

398 2721 499 2769 CR.
547 2702 923 2768 Frondifera
968 2708 1222 2768 sanotae
1268 2728 1530 2769 nemora
1577 2703 1892 2769 Castaliae
1938 2709 2162 2789 petens

397 2793 667 2858 caleavit
713 2794 866 2857 artis
915 2793 1195 2857 obsitum
1242 2795 1452 2858 dumis
1499 2795 1638 2877 iter,

394 2883 737 2968 trigemina
783 2904 909 2965 qua
955 2905 1021 2946 se
1068 2884 1314 2968 spargit
1361 2884 1429 2947 in
1475 2905 1735 2967 campos
1782 2884 1901 2947 via.

395 2976 571 3036 seoat
614 2994 743 3035 una
789 2975 1043 3057 gratum
1089 2970 1410 3036 Phocidos
1455 2971 1712 3037 Baooho
1759 2974 1997 3055 solum,

338 3119 339 3122 ,
397 3059 567 3125 unde
615 3061 783 3123 altus
830 3082 979 3124 arva
1026 3060 1284 3143 deserit,
1332 3062 1576 3125 eaelum
1623 3066 1874 3145 petens,
2314 3078 2417 3126 280

539 3258 638 3306 251
673 3270 723 3306 v.
761 3252 910 3321 regis
948 3270 1003 3307 ω
1048 3270 1184 3308 corr.
1226 3253 1309 3306 M.
1343 3254 1554 3308 Malle»-
1584 3271 1639 3322 p.
1672 3259 1743 3307 33
1805 3257 1824 3322 ΙΙ
1888 3260 1993 3308 256
2030 3256 2282 3308 carentes
2320 3259 2365 3306 A
2401 3254 2419 3323 ΙΙ

395 3330 500 3378 257
542 3325 771 3378 dextera
808 3323 955 3376 laius
992 3328 1065 3375 A‘t
1098 3326 1118 3393 ss
1155 3329 1259 3377 256
1297 3323 1461 3377 Nunc
1498 3330 1540 3376 Ε
1576 3328 1594 3393 ΙΙ
1635 3331 1740 3378 262
1779 3342 1910 3379 nam
1948 3327 2012 3379 ci.
2042 3327 2117 3380 N.
2150 3326 2420 3380 Heinsius

388 3414 447 3465 p.
469 3400 579 3451 170
605 3398 624 3465 ΙΙ
652 3400 756 3447 263
787 3411 917 3464 ergo
937 3401 980 3447 Ε
1008 3398 1026 3464 ΙΙ
1055 3400 1160 3448 264
1189 3412 1290 3464 per
1308 3399 1530 3464 sceptra
1551 3397 1780 3466 Bentley
1813 3401 1820 3465 Ι
1851 3413 1986 3467 rego
2005 3401 2050 3448 A
2077 3399 2095 3466 ΙΙ
2124 3402 2228 3449 269
2259 3396 2418 3465 chyr-

395 3467 528 3520 rhee
555 3472 598 3518 Ε
625 3467 644 3533 ΙΙ
671 3471 770 3519 271
804 3468 968 3535 regat
993 3473 1039 3518 A
1077 3466 1248 3534 degat
1282 3484 1324 3520 α
1363 3467 1553 3521 videat
1582 3469 1812 3537 Bentley
1839 3471 1857 3536 ΙΙ
1885 3473 1992 3521 274
2018 3468 2300 3521 nefastum
2328 3473 2373 3520 A
2401 3468 2418 3538 Η

397 3543 499 3617 277
541 3536 673 3657 altis
710 3540 755 3587 A
817 3539 835 3605 ΙΙ
899 3542 1002 3590 278
1040 3538 1354 3605 tergemina
1389 3550 1445 3604 ψ
1509 3541 1527 3607 ΙΙ
1590 3544 1694 3591 279
1731 3538 1913 3593 bacho
1950 3546 1993 3592 Ε
2048 3541 2066 3609 ΙΙ
2125 3545 2230 3592 280
2268 3539 2418 3593 altus

396 3622 511 3659 una
1903 3631 1906 3632 ⁷
