2658 4117
880 262 1259 319 HERCVLES
1296 262 1634 334 [FVRENs]
2235 267 2276 328 5

238 411 372 474 vidi
420 412 591 494 ipsa,
638 410 775 473 vidi
819 413 1008 473 noete
1056 408 1345 473 discussa
1387 409 1665 472 inferum
2209 425 2278 472 50

241 505 304 562 et
349 498 504 563 Dite
553 498 803 562 domito
851 498 1062 581 spolia
1105 499 1452 562 iactantem
1500 497 1668 580 patri

239 589 540 651 fraterna.
634 610 750 652 eur
793 608 926 650 non
969 587 1258 650 vinetum
1305 590 1373 650 et
1408 586 1784 669 oppressum
1830 584 2029 649 trahit

241 679 455 760 ipsum
504 676 749 741 eatenis
794 676 976 759 paria
1020 676 1317 739 sortitum
1364 672 1507 738 Iovi

244 764 587 848 Ereboque
635 768 825 848 capto
872 765 1120 848 potitur
1164 768 1229 826 et
1270 764 1507 848 retegit
1554 762 1799 848 Styga?

243 855 569 938 patefacta
612 853 695 918 ab
743 853 890 917 imis
935 852 1234 916 manibus
1279 855 1451 915 retro
1497 853 1603 915 via
1649 856 1747 916 est
2207 868 2275 916 56

246 950 307 1007 et
351 965 537 1008 saera
584 942 758 1007 dirae
805 943 1033 1006 mortis
1079 943 1149 1005 in
1194 945 1417 1024 aperto
1463 941 1691 1004 iacent.

247 1037 310 1096 at
354 1034 497 1116 ille,
544 1036 738 1116 rupto
786 1052 1034 1096 earcere
1080 1029 1453 1093 umbrarum
1498 1029 1707 1111 ferox,

247 1122 320 1184 de
365 1145 475 1185 me
521 1120 883 1205 triumphat
927 1125 991 1184 et
1039 1120 1424 1204 superbifica
1468 1139 1661 1181 manu

247 1216 455 1274 atrum
505 1232 621 1294 per
665 1210 856 1273 urbes
904 1208 1080 1274 ducit
1125 1207 1467 1293 Argolicas
1512 1229 1752 1272 canem.

244 1301 381 1363 viso
427 1300 757 1363 labantem
805 1297 1084 1363 Cerbero
1133 1297 1266 1362 vidi
1312 1298 1481 1360 diem
2211 1314 2279 1360 60

251 1388 688 1471 pavidumque
735 1384 982 1472 Solem3
1027 1409 1130 1451 me
1178 1408 1435 1470 quoque
1480 1387 1717 1449 invasit
1760 1390 2018 1469 tremor,

251 1481 315 1539 et
360 1481 547 1541 terna
592 1477 863 1540 monstri
911 1477 1077 1540 eolla
1120 1475 1357 1539 devicti
1402 1476 1658 1538 intuens

247 1567 440 1629 timui
487 1566 852 1649 imperasse.
945 1566 1111 1628 levia
1158 1564 1268 1627 sed
1313 1564 1587 1629 nimium
1634 1584 1890 1649 queror3

250 1655 426 1718 eaelo
474 1653 832 1718 timendum
881 1658 1003 1735 est,
1047 1675 1246 1738 regna
1290 1675 1372 1715 ne
1419 1674 1669 1715 summa
1715 1657 1984 1735 oeeupet

249 1745 361 1825 qui
407 1745 566 1807 vicit
608 1744 765 1807 ima:
813 1747 1065 1825 sceptra
1108 1742 1454 1825 praeripiet
1499 1742 1683 1824 patri.
2213 1756 2279 1803 65

252 1855 369 1897 nee
416 1833 484 1896 in
531 1837 705 1896 astra
746 1832 924 1895 lenta
967 1831 1180 1894 veniet
1224 1835 1299 1896 ut
1342 1829 1635 1894 Baeehus
1682 1830 1819 1892 via:

252 1923 374 1984 iter
416 1922 603 1985 ruina
650 1925 912 2004 quaeret
955 1924 1020 1983 et
1065 1941 1266 1984 vacuo
1313 1917 1489 1982 volet

250 2031 517 2096 regnare
564 2009 822 2074 mundo,
911 2009 1143 2074 robore
1188 2012 1453 2092 experto
1500 2012 1733 2090 tumet,

253 2104 316 2163 et
359 2121 550 2183 posse
597 2100 844 2165 caelum
890 2099 1136 2163 viribus
1181 2099 1354 2162 vinei
1401 2098 1532 2161 suis

250 2187 478 2253 didicit
521 2188 810 2270 ferend03
857 2186 1142 2251 subdidit
1185 2186 1427 2250 mundo
1476 2191 1669 2269 eaput
2213 2200 2279 2247 70

251 2299 365 2341 nee
412 2277 596 2340 flexit
640 2298 897 2340 umeros
944 2277 1133 2340 molis
1179 2278 1528 2339 immensae
1573 2274 1757 2338 labor

253 2366 612 2449 meliusque
660 2366 828 2430 collo
879 2365 1044 2429 sedit
1086 2362 1406 2429 Herculeo
1452 2363 1658 2447 polus.

252 2455 525 2518 immota
572 2455 786 2519 cervix
831 2453 1039 2517 sidera
1084 2458 1149 2517 et
1194 2452 1441 2518 caelum
1487 2453 1642 2516 tulit

253 2547 316 2606 et
361 2565 469 2607 me
515 2547 937 2626 prementem:
986 2544 1235 2625 quaerit
1280 2541 1360 2605 ad
1407 2562 1671 2624 superos
1717 2541 1905 2604 viam.

383 2630 591 2716 Perge
627 2631 741 2713 ira,
776 2653 970 2717 perge
1008 2637 1073 2695 et
1106 2652 1346 2716 magna
1380 2629 1796 2694 meditantem
1828 2629 2137 2712 opprime,
2216 2644 2280 2691 75

249 2720 668 2806 congredere,
714 2721 1010 2784 manibus
1055 2721 1197 2803 ipsa
1241 2720 1517 2783 dilacera
1563 2719 1718 2782 tuis:

249 2809 406 2892 quid
456 2811 639 2873 tanta
683 2809 949 2872 mandas
997 2808 1187 2873 odia?
1251 2807 1582 2873 discedant
1624 2808 1823 2889 ferae,

247 2899 384 2981 ipse
434 2897 809 2979 imperando
855 2898 1061 2961 fessus
1108 2896 1511 2980 Eurystheus
1558 2899 1756 2960 vacet.

249 2985 518 3050 Titanas
566 3007 756 3050 ausos
802 3008 1098 3069 rumpere
1144 2986 1486 3068 imperium
1535 2982 1705 3048 Iovis

390 3201 464 3248 52
500 3195 711 3248 victum
749 3199 830 3247 Ar
869 3200 1002 3263 (exe.
1041 3201 1087 3247 R
1124 3200 1218 3263 10)
1257 3198 1276 3263 u
1313 3200 1382 3248 54
1419 3195 1629 3263 repetit
1665 3193 1898 3264 Bentley
1938 3193 2092 3260 (Tro.
2125 3195 2281 3260 198),

245 3265 452 3336 relegit
498 3266 718 3332 Withof
735 3271 755 3332 n
784 3272 852 3320 56
891 3267 1060 3319 dirae.
1083 3266 1212 3320 ΑΒ*
1257 3266 1432 3319 durae
1469 3266 1611 3318 ΕΙΣ
1642 3266 1711 3332 cf.
1742 3265 1859 3319 Leo
1885 3266 1904 3332 R
1932 3269 2001 3317 82
2040 3268 2098 3318 et
2133 3265 2283 3317 tetra

247 3341 315 3404 A,
353 3337 430 3390 1⁸
477 3339 539 3404 (i.
570 3354 678 3392 ms.
720 3340 755 3391 5
793 3339 921 3404 litt.)
976 3340 1140 3391 terna
1175 3342 1236 3391 Σ
1269 3340 1485 3407 (eterna
1520 3338 1593 3406 Π)
1645 3338 1653 3405 Ι
1704 3334 1926 3389 devicta
1963 3339 2024 3388 Σ
2076 3334 2285 3388 devicti

246 3410 314 3475 (ti
350 3426 421 3463 ex
457 3413 519 3461 ta
557 3410 591 3461 i.
623 3410 758 3476 ras.)
784 3414 828 3461 B
857 3411 971 3510 '168
1007 3409 1302 3461 minimum
1340 3413 1421 3474 Σ,
1459 3408 1531 3459 Ει
1567 3407 1720 3478 (inde
1756 3408 1792 3460 i.
1832 3423 1939 3460 rae.
1981 3406 2239 3474 nimium)
2269 3407 2288 3474 ΙΙ

249 3484 317 3533 66
362 3480 522 3533 lenta
566 3495 636 3535 ex
680 3496 772 3533 —us
810 3485 853 3533 Β
919 3483 931 3548 1
970 3483 1037 3532 ut
1081 3479 1326 3533 bacchus
1377 3481 1460 3548 (ut
1495 3479 1603 3531 bae
1645 3480 1681 3531 i.
1720 3480 1853 3548 ras.)
1889 3477 1962 3530 Β*
2013 3480 2033 3546 ΙΙ
2088 3482 2156 3530 88
2195 3492 2286 3529 ex-

251 3566 424 3618 penso
450 3553 496 3603 A
521 3553 545 3620 fl
571 3556 632 3603 ⁷1
662 3556 792 3618 post
828 3556 899 3604 ⁷2
932 3552 1152 3606 traiecit
1178 3552 1380 3618 Peiper
1404 3552 1424 3618 ΙΙ
1451 3555 1522 3603 '22
1557 3548 1887 3616 mediusque
1917 3552 1962 3600 A
1999 3550 2018 3617 Η
2053 3553 2122 3601 ’18
2159 3547 2286 3615 ipsa

253 3622 364 3674 iam
401 3621 591 3675 lacera
628 3625 673 3673 A
700 3624 721 3691 n
749 3627 816 3674 ⁷⁷
868 3619 1004 3689 quid
1043 3622 1199 3675 lenta
1234 3624 1300 3675 ei.
1334 3622 1568 3689 Bentley
1607 3620 1699 3687 (cf.
1729 3621 1796 3674 de
1833 3621 1923 3673 ira
1959 3618 2071 3672 ΙΙΙ
2094 3623 2151 3685 3)
