2658 4117
393 235 521 300 208

1033 235 1093 289 L.
1122 234 1406 288 ANNAEI
1442 234 1767 289 SENECAE

654 380 934 445 concidit
980 400 1140 465 gyro
1189 380 1648 462 dominumque
1694 402 1898 464 prono

901 468 1183 553 prodidit
1227 489 1424 533 armo,

655 559 872 623 Prima
917 558 1014 622 vis
1061 559 1275 622 tardas
1320 558 1538 643 tetigit
1585 556 1899 623 bidentes:

652 647 900 732 laniger
946 648 1217 732 pingues
1264 647 1430 710 male
1477 646 1716 730 carpsit
1759 646 2016 734 herbas3

654 741 877 801 taurus
925 741 1212 801 armento
1260 740 1566 820 pereunte
1616 741 1883 801 marcet:

655 826 871 891 deficit
916 830 1137 909 pastor
1182 845 1376 910 grege
1422 825 1751 889 deminuto

654 915 908 979 tabidos
953 915 1121 979 inter
1166 914 1445 979 moriens
1491 915 1811 980 iuvencos.

656 1004 965 1068 incubant
1010 1003 1180 1088 agris
1228 1005 1502 1087 pecudes
1547 1003 1833 1088 relictae3

656 1114 790 1157 non
833 1094 1022 1177 lupos
1070 1093 1239 1156 cervi
1285 1096 1582 1156 metuunt
1625 1113 1913 1177 rapaces,

659 1186 864 1247 cessat
908 1181 1056 1246 irati
1100 1181 1395 1246 fremitus
1439 1181 1672 1264 leonis,

658 1272 837 1335 nulla
882 1270 1127 1335 villosis
1172 1269 1394 1334 feritas
1439 1271 1508 1334 in
1553 1271 1744 1355 ursis3

658 1359 933 1444 perdidit
979 1362 1224 1443 pestem
1270 1359 1591 1424 latebrosa
1636 1382 1921 1443 serpens:

661 1453 798 1513 aret
845 1453 908 1513 et
954 1449 1123 1513 sicco
1170 1449 1446 1513 moritur
1489 1470 1752 1513 veneno.

800 1625 954 1691 Non
1000 1628 1159 1691 silva
1206 1649 1320 1690 sua
1367 1627 1663 1691 decorata
1709 1647 1894 1691 coma

660 1715 874 1780 fundit
922 1737 1153 1800 opacas
1200 1716 1528 1779 montibus
1575 1717 1863 1799 umbras,

659 1826 793 1869 non
836 1828 984 1869 rura
1028 1806 1238 1870 virent
1282 1805 1477 1869 ubere
1524 1805 1775 1890 glebae,

663 1915 797 1958 non
842 1895 1032 1978 plena
1078 1916 1193 1958 suo
1241 1895 1391 1957 vitis
1438 1893 1693 1958 Baccho

661 1982 959 2047 bracchia
1005 1987 1253 2048 curvat:

664 2074 878 2137 omnia
924 2078 1214 2137 nostrum
1263 2094 1513 2136 sensere
1560 2073 1817 2136 malum.

803 2160 1060 2245 Rupere
1106 2161 1302 2225 Erebi
1350 2162 1626 2226 claustra
1672 2162 1976 2246 profundi

663 2251 852 2315 turba
899 2271 1189 2314 sororum
1234 2249 1373 2314 face
1421 2249 1723 2316 Tartarea

662 2338 1192 2423 Phlegethonque
1240 2362 1420 2404 suam
1468 2344 1676 2404 mutat
1721 2341 1954 2424 ripam:

662 2429 921 2492 miscuit
966 2429 1153 2493 undis
1201 2426 1405 2514 Styga
1451 2427 1746 2493 Sidoniis,

662 2516 836 2581 Mors
883 2521 1020 2581 atra
1066 2518 1285 2581 avidos
1336 2519 1463 2582 oris
1508 2519 1722 2583 hiatus

664 2606 888 2690 pandit
934 2611 998 2671 et
1046 2607 1251 2671 omnis
1299 2608 1579 2690 explicat
1624 2608 1784 2692 alas;

665 2696 902 2778 quique
951 2696 1168 2779 capaci
1212 2695 1471 2760 turbida
1517 2696 1746 2760 cumba

665 2785 931 2848 flumina
978 2789 1187 2849 servat
1233 2786 1428 2849 durus
1476 2786 1652 2849 senio

2313 487 2416 535 144

2314 576 2415 624 133

2315 665 2417 714 134

2315 754 2417 803 146

2316 844 2416 891 147

2316 931 2417 981 148

2316 1020 2417 1069 145

2317 1109 2417 1159 149

2316 1199 2419 1248 150

2318 1733 2418 1781 155

2322 2178 2423 2226 160

2323 2622 2423 2671 165

540 2964 637 3011 133
676 2976 751 3023 sq.
810 2966 937 3027 post
990 2964 1088 3011 144
1152 2960 1370 3014 traiecit
1421 2960 1618 3028 Peipe‘r
1674 2963 1978 3028 (135-143
2027 2964 2156 3028 post
2223 2975 2272 3013 v.
2329 2963 2425 3011 143

405 3030 731 3098 Koetschau)
786 3033 804 3098 Η
858 3035 956 3082 134
1012 3031 1193 3099 carpit
1238 3036 1277 3083 1⁸
1332 3033 1351 3099 ΙΙ
1404 3034 1501 3083 136
1558 3031 1655 3084 det
1699 3049 1771 3084 111.
1820 3047 1865 3083 0.
1912 3032 2114 3098 parata
2159 3030 2277 3083 alta
2322 3036 2361 3083 1⁸
2410 3031 2428 3099 u

403 3107 497 3154 145
529 3107 656 3170 post
691 3107 786 3154 148
818 3103 1010 3170 posuit
1036 3102 1259 3156 Richter
1289 3104 1298 3171 Ι
1329 3101 1508 3170 pratis
1537 3106 1582 3153 A
1609 3105 1627 3171 ΙΙ
1654 3107 1750 3155 147
1791 3101 2067 3155 diminuto
2106 3106 2151 3153 A
2177 3104 2196 3171 Η
2223 3105 2319 3153 148
2355 3101 2429 3155 ti-

403 3172 586 3227 midos
624 3177 704 3224 At
730 3176 749 3242 Η
776 3178 874 3225 152
910 3173 1159 3241 perbibit
1196 3178 1241 3225 A
1267 3175 1286 3243 ΙΙ
1305 3178 1435 3242 post
1468 3178 1564 3226 153
1602 3174 1923 3242 sapphicum
1948 3189 2072 3227 cum
2098 3173 2301 3228 adonio
2337 3189 2427 3227 ex-

401 3245 597 3299 cidisse
634 3245 898 3314 opiuatwr
926 3245 1123 3314 Peiper
1157 3247 1175 3313 11
1211 3250 1482 3297 154-201
1519 3244 1737 3299 dimetri
1763 3244 1889 3298 l'lob
1918 3244 2013 3314 (ul.
2045 3246 2113 3312 c.)
2141 3261 2281 3298 mou.
2311 3248 2426 3307 EA,

401 3318 515 3371 uisi
550 3317 693 3386 quod
729 3315 855 3369 1591‘
894 3318 1055 3385 (sens.
1095 3318 1189 3385 m.)
1226 3322 1549 3371 monometer
1584 3322 1644 3380 Ε,
1683 3321 1780 3368 153
1821 3315 1920 3384 (br.
1951 3317 2019 3384 c.)
2056 3322 2102 3367 A
2137 3317 2157 3384 ΙΙ
2191 3320 2290 3367 154
2328 3330 2430 3367 sua

406 3387 546 3440 silva
583 3392 664 3439 Δτ
699 3390 718 3456 ΙΙ
752 3393 847 3439 155
888 3387 1075 3456 opacis
1114 3405 1169 3442 ω
1209 3404 1343 3443 corr.
1385 3388 1617 3457 Bentley
1644 3390 1661 3456 ΙΙ
1697 3393 1792 3440 157
1832 3386 2012 3440 bacho
2050 3392 2093 3438 Ε
2130 3386 2293 3440 hiaco
2330 3390 2375 3437 A
2412 3387 2431 3454 ΙΙ

401 3463 503 3511 162
559 3475 661 3511 sua
707 3461 920 3512 motam
963 3459 1090 3527 ripa
1135 3463 1180 3510 A
1234 3461 1252 3527 ΙΙ
1307 3458 1575 3528 quaedam
1612 3464 1739 3527 post
1783 3463 1880 3511 163
1928 3458 2188 3513 caecidisse
2234 3458 2431 3525 Peiper

402 3530 621 3594 statuit,
667 3535 726 3583 at
764 3529 939 3598 Styga
976 3531 1181 3584 dictum
1216 3536 1292 3584 est
1319 3547 1427 3599 pro
1468 3531 1641 3584 ‘virus
1669 3530 2013 3599 pestiferum'
2070 3531 2088 3598 ΙΙ
2142 3534 2240 3581 164
2281 3544 2428 3581 111018

407 3595 524 3650 alta
561 3615 616 3652 ω
653 3615 789 3655 corr.
828 3602 902 3655 N.
934 3600 1203 3655 Heinsius
1233 3618 1288 3670 p.
1322 3606 1432 3656 169
1477 3604 1495 3670 ΙΙ
1548 3606 1643 3654 165
1684 3617 1875 3655 omnes
1913 3602 2003 3670 An
2030 3606 2125 3654 167
2166 3600 2349 3655 senior
2385 3604 2430 3652 A
