2658 4117
1123 242 1441 299 OCTAVIA
2162 250 2292 313 409

590 387 770 451 cuius
815 387 1064 451 facinus
1110 390 1219 452 vix
1265 391 1636 474 posteritas,

586 477 765 540 tarde
813 496 1063 560 semper
1109 480 1362 542 saecula
1409 481 1683 545 credent.
2195 499 2301 547 360

585 565 745 630 furit
790 570 1075 649 ereptam
1121 567 1482 651 pelagoque
1529 570 1704 634 dolet

584 654 798 718 vivere
845 659 1114 718 matrem

583 743 851 826 impius,
895 743 1123 827 ingens
1170 744 1583 829 geminatque
1627 747 1834 811 nefas:

585 831 719 895 ruit
763 831 833 893 in
879 832 1146 895 miserae
1191 833 1326 896 fata
1373 835 1658 916 parentis

585 920 956 1003 patiturque
1002 942 1247 984 moram
1296 923 1553 987 sceleris
1597 925 1860 988 nullam.
2196 941 2298 989 365

582 1009 816 1073 missus
864 1009 1115 1093 peragit
1160 1010 1334 1074 iussa
1369 1013 1661 1092 satelles:

582 1101 822 1162 reserat
869 1097 1164 1162 dominae
1208 1104 1473 1182 pectora
1518 1101 1704 1164 ferro,

585 1186 793 1250 caedis
841 1187 1120 1251 moriens
1166 1188 1279 1251 illa
1325 1189 1692 1254 ministrum

582 1279 770 1359 rogat
815 1275 1069 1358 infelix,
2293 1283 2300 1314 ‘

583 1368 765 1427 utero
815 1364 1024 1427 dirum
1072 1365 1306 1429 condat
1351 1370 1425 1429 ut
1470 1388 1716 1431 ensem:
2193 1383 2295 1442 370

587 1451 717 1515 ‘hic
762 1455 884 1535 est,
930 1452 1038 1516 hic
1084 1457 1180 1516 est
1224 1454 1588 1518 fodiendus'
1635 1456 1726 1519 ait

588 1540 778 1603 ‘ferro
790 1589 808 1622 ,
854 1544 1213 1604 monstrum
1261 1543 1375 1623 qui
1420 1544 1549 1607 tale
1594 1543 1787 1607 tulit?

585 1632 734 1711 post
778 1627 946 1691 hanc
990 1649 1215 1692 vocem

585 1736 732 1779 cum
779 1737 1077 1799 supremo
1125 1718 1396 1781 mixtam
1442 1719 1689 1802 gemitu

584 1804 864 1868 animam
911 1804 1168 1868 tandem
2189 1824 2293 1873 375

582 1915 699 1976 per
742 1892 878 1957 fera
924 1894 1173 1957 tristem
1221 1895 1489 1958 vulnera
1532 1895 1756 1959 reddit.

1104 2105 1450 2172 SENECA

398 2227 564 2304 Quid
610 2251 738 2314 me,
784 2234 1013 2314 potens
1058 2229 1374 2314 Fortuna,
1417 2232 1634 2296 fallaci
1680 2233 1841 2297 mihi

259 2318 552 2382 blandita
595 2319 809 2401 vultu,
855 2323 1043 2383 sorte·
1073 2323 1447 2384 contentum
1494 2343 1636 2385 mea

261 2407 391 2470 alte
438 2407 751 2491 extulisti,
799 2408 1056 2492 gravius
1103 2412 1176 2471 ut
1221 2431 1471 2472 ruerem
1520 2411 1689 2474 edita

260 2499 556 2578 receptus
602 2516 747 2560 arce
792 2499 1017 2578 totque
1064 2498 1495 2580 prospicerem
1543 2499 1795 2563 metus?
2188 2516 2294 2564 380

260 2584 492 2648 melius
536 2584 817 2648 latebam
863 2585 1090 2668 procul
1135 2585 1215 2649 ab
1263 2586 1543 2651 invidiae
1588 2588 1774 2651 malis

257 2675 545 2736 remotus
591 2673 760 2736 inter
804 2670 1051 2737 Corsici
1095 2696 1286 2757 rupes
1334 2676 1527 2739 maris
1536 2725 1554 2757 ,

259 2761 372 2824 ubi
416 2761 582 2841 liber
625 2761 878 2826 animus
925 2767 989 2826 et
1036 2763 1135 2825 sui
1180 2763 1339 2826 iuris
1386 2763 1548 2826 mihi

261 2871 512 2933 semper
556 2850 825 2914 vacabat
872 2851 1083 2914 studia
1127 2853 1438 2915 recolenti
1484 2873 1641 2915 mea.

260 2959 298 3001 o
347 2958 540 3020 quam
586 2938 874 3022 iuvabat,
922 2960 1049 3022 quo
1095 2939 1262 3003 nihil
1306 2941 1515 3004 maius
1561 2962 1790 3023 parens
2190 2957 2292 3006 385

256 3024 510 3090 Natura
555 3028 806 3111 genuit,
853 3028 1063 3111 operis
1109 3029 1409 3093 immensi
1454 3029 1713 3111 artifex,

258 3115 509 3179 caelum
556 3116 822 3199 intueri,
868 3116 1052 3199 [solis
1099 3121 1164 3181 et
1210 3139 1433 3182 currus
1481 3138 1693 3181 sacros

257 3204 612 3287 mundique
659 3204 904 3288 motus]
954 3206 1107 3270 solis
1155 3207 1433 3269 alternas
1479 3205 1650 3269 vices

402 3382 508 3430 8⁷4
535 3379 874 3433 hemistichia
900 3382 1249 3435 commutavit
1266 3380 1381 3435 Leo
1408 3380 1588 3434 ‘neseio
1616 3397 1723 3448 qua
1751 3380 2074 3435 auctoritate
2091 3382 2248 3435 nisus
2273 3383 2292 3450 ΙΙ

257 3452 361 3500 377
401 3448 681 3517 impotens
710 3450 786 3503 N.
811 3451 1082 3504 Heinsius
1100 3468 1159 3519 p.
1192 3455 1303 3505 506
1336 3454 1343 3519 Ι
1377 3450 1571 3504 fallaci
1598 3450 1765 3504 nimis
1799 3450 2018 3516 Gruter,
2057 3451 2092 3504 f.
2123 3450 2290 3505 modo

255 3518 456 3587 Peiper
482 3523 501 3588 ΙΙ
529 3524 634 3572 379
672 3521 865 3589 grauis
894 3526 939 3573 Δ
966 3537 1101 3576 corr.
1132 3532 1188 3586 ψ
1217 3523 1285 3588 ef.
1309 3522 1427 3590 prs.
1459 3523 1491 3575 l.
1520 3538 1576 3575 n.
1607 3524 1626 3591 ΙΙ
1653 3522 1786 3575 3871)
1807 3526 1938 3574 388·
1964 3523 2064 3576 del.
2094 3523 2290 3577 Delrio

258 3592 383 3658 (388
425 3590 524 3645 del.
556 3592 758 3661 Ritter)
786 3594 806 3661 ΙΙ
833 3592 967 3644 3881)
1003 3591 1185 3645 noctis
1224 3608 1272 3646 a.
1303 3611 1352 3646 v.
1384 3593 1617 3664 Bentley
1655 3593 1788 3646 salis
1827 3596 1885 3647 et
1922 3594 2097 3649 Bothe
