2658 4117
1063 296 1412 350 PHAEDRA
2120 300 2248 364 163

233 461 562 524 compesce
611 442 847 505 amoris
893 442 1078 524 impii
1122 443 1441 526 flammas,
1486 464 1728 526 precor,
2147 461 2247 511 165

230 531 536 613 nefasque
584 531 757 614 quod
801 552 936 594 non
978 532 1113 594 ulla
1157 533 1349 595 tellus
1396 532 1666 596 barbara

232 620 555 683 commisit
595 640 931 702 umquam,
975 641 1108 683 non
1151 622 1301 705 vagi
1348 621 1591 703 campis
1640 619 1832 685 Getae

230 729 348 772 nec
394 707 803 792 inhospitalis
850 707 1097 772 Taurus
1144 713 1256 772 aut
1301 731 1558 792 sparsus
1607 707 1903 794 Scythes3

232 798 479 881 expelle
524 797 774 861 facinus
821 801 1032 861 mente
1080 798 1363 861 castifica
1407 798 1737 862 horridum

231 907 603 968 memorque
650 887 872 949 matris
920 890 1131 950 metue
1179 888 1558 952 concubitus
1604 909 1823 951 novos.
2146 907 2247 954 170

171 987 191 1006 ·
232 977 497 1039 miscere
541 975 862 1038 thalamos
908 975 1107 1058 patris
1154 980 1218 1039 et
1264 977 1443 1060 gnati
1491 998 1759 1060 apparas
1803 997 1810 1003 ·

232 1067 539 1146 uteroque
587 1065 834 1146 prolem
881 1085 1104 1146 capere
1152 1065 1483 1128 confusam
1530 1066 1777 1147 impio?

229 1175 424 1238 perge
472 1155 536 1216 et
579 1152 870 1216 nefandis
917 1157 1091 1216 verte
1136 1157 1431 1217 naturam
1475 1155 1735 1238 ignibus
1778 1191 1852 1200 —-—

232 1263 344 1306 cur
389 1245 675 1305 monstra
719 1242 1010 1306 cessant?
1058 1242 1203 1305 aula
1249 1265 1363 1307 cur
1405 1243 1620 1306 11311113
1667 1245 1894 1307 vacat?

228 1331 524 1415 prodigia
566 1331 804 1394 totiens
852 1329 1025 1394 orbis
1072 1331 1322 1395 insueta
1368 1331 1609 1414 audiet,
2142 1351 2244 1399 175

231 1423 459 1484 natura
502 1420 739 1483 totiens
785 1419 1037 1504 legibus
1084 1420 1266 1483 cedet
1311 1421 1469 1502 suis,

233 1509 528 1592 quotiens
576 1509 819 1572 amabit
863 1506 1128 1571 Cressa?
1218 1527 1328 1571 ΡΗ.
1377 1507 1549 1583 Quae
1596 1531 1909 1573 memoras
1958 1511 2090 1574 scio

230 1620 380 1661 vera
423 1619 588 1679 esse,
630 1597 875 1681 nutrix3
922 1598 1032 1660 sed
1075 1599 1256 1662 furor
1300 1598 1476 1682 cogit
1522 1599 1702 1680 sequi

232 1687 468 1769 peiora.
557 1686 736 1750 vadit
783 1686 1032 1751 animus
1080 1687 1145 1749 in
1192 1707 1494 1769 praeceps
1543 1687 1747 1750 sciens

229 1779 595 1858 remeatque
638 1775 878 1839 frustra
923 1797 1076 1838 sana
1121 1776 1391 1839 consilia
1436 1779 1757 1858 appetens.
2142 1793 2243 1842 180

233 1865 326 1928 sic
371 1885 515 1927 cum
562 1867 889 1949 gravatam
935 1865 1154 1927 navita
1197 1864 1461 1928 adversa
1504 1868 1706 1927 ratem

232 1953 536 2036 propellit
579 1954 777 2035 unda,
824 1953 993 2016 cedit
1037 1953 1107 2016 in
1151 1975 1388 2017 vanum
1433 1951 1616 2016 labor

231 2046 295 2107 et
340 2043 511 2107 victa
555 2064 760 2125 prono
805 2042 1043 2126 puppis
1090 2042 1375 2107 aufertur
1420 2041 1599 2106 vado.

231 2132 387 2216 quid
431 2132 594 2194 ratio
641 2133 888 2213 possit?
935 2133 1091 2195 vicit
1137 2154 1210 2195 ac
1252 2136 1480 2217 regnat
1524 2132 1702 2194 furor

230 2225 584 2305 potensque
630 2223 769 2284 tota
813 2225 1027 2284 mente
1074 2222 1439 2285 dominatur
1483 2220 1654 2284 deus.
2141 2238 2241 2286 185

227 2310 336 2374 hic
380 2311 641 2373 volucer
687 2310 864 2373 omni
907 2311 1109 2392 pollet
1154 2311 1222 2373 in
1265 2313 1436 2374 terra
1478 2310 1798 2393 impotens

229 2400 570 2482 ipsumque
615 2398 892 2462 flammis
938 2402 1139 2462 torret
1185 2398 1513 2463 indomitis
1559 2397 1804 2483 Iovem3

229 2486 545 2551 Gradivus
592 2488 747 2551 istas
794 2489 1063 2571 belliger
1108 2489 1307 2551 sensit
1350 2488 1549 2570 faces,

230 2578 447 2659 opifex
491 2577 739 2640 trisulci
785 2577 1075 2641 fulminis
1122 2578 1321 2640 sensit
1367 2576 1548 2659 deuS‚

228 2669 293 2729 et
340 2666 452 2748 qui
495 2665 767 2729 furentis
814 2688 1064 2749 semper
1098 2664 1400 2729 Aetnaeis
1446 2665 1615 2750 iugis
2138 2682 2239 2730 190

227 2759 441 2818 versat
486 2756 770 2818 caminos
817 2755 966 2839 igne
1012 2759 1143 2818 tam
1189 2776 1388 2838 parvo
1436 2756 1626 2838 calet3

231 2845 574 2927 ipsumque
619 2842 980 2925 Phoebum,
1025 2845 1154 2907 tela
1200 2844 1311 2927 qui
1356 2865 1551 2907 nervo
1597 2843 1790 2927 regit,

226 2933 374 3018 figit
419 2933 655 3017 sagitta
699 2933 934 2996 certior
980 2933 1174 2995 missa
1217 2954 1378 3016 puer

226 3022 584 3103 volitatque
631 3021 807 3086 caelo
854 3023 1092 3105 pariter
1137 3025 1201 3084 et
1243 3022 1429 3084 terris
1476 3021 1702 3105 gravis.

225 3128 434 3172 NVTR.
480 3109 690 3174 Deum
739 3133 875 3175 esse
922 3132 1201 3174 amorem
1247 3110 1456 3193 turpis
1503 3113 1566 3172 et
1611 3109 1769 3172 vitio
1813 3108 2033 3172 favens
2141 3125 2240 3173 195

368 3290 465 3337 167
504 3300 684 3353 uagus
722 3284 935 3353 campis
972 3287 1104 3353 geta
1140 3288 1185 3335 A
1238 3286 1257 3354 ΙΙ
1309 3290 1402 3336 171
1437 3287 1613 3353 gnata
1649 3285 1842 3352 (gnato
1879 3302 1947 3337 m.
1986 3286 2107 3352 rec.)
2144 3290 2187 3336 E
2222 3284 2243 3357 Η

225 3361 326 3408 172
364 3371 484 3424 cap.
533 3355 716 3409 fusam
762 3360 835 3407 At
897 3359 915 3424 ΙΙ
977 3360 1075 3407 174
1119 3355 1297 3423 patris
1343 3361 1385 3407 Ε
1449 3357 1467 3423 ΙΙ
1530 3359 1627 3406 184
1673 3354 1823 3421 quod
1867 3354 2012 3409 ratio
2057 3356 2243 3424 poscit

226 3425 408 3480 uincit
443 3431 488 3478 A
550 3429 569 3496 ΙΙ
631 3432 729 3478 186
767 3426 918 3481 3111111
963 3428 1160 3495 regnat
1196 3431 1241 3478 A
1291 3430 1298 3495 Ι
1350 3428 1548 3495 potens
1586 3443 1641 3479 ω
1688 3442 1822 3481 corr.
1860 3427 1936 3480 N.
1974 3426 2244 3482 Heinsius

223 3515 277 3565 p.
311 3501 386 3551 62
429 3514 634 3551 nocens
676 3499 896 3553 Gronov
931 3500 949 3567 ΙΙ
985 3503 1079 3550 187
1126 3497 1453 3564 laesumque
1498 3496 1551 3551 fl.
1589 3503 1632 3549 E
1668 3501 1687 3567 ΙΙ
1727 3502 1824 3549 190
1861 3497 2106 3552 furentes
2142 3503 2187 3550 A
2220 3501 2240 3567 ΙΙ

226 3574 323 3620 195
351 3569 505 3638 turpi
525 3568 749 3623 servitio
768 3575 813 3622 A
831 3569 1020 3621 furens
1039 3575 1082 3620 E
1100 3569 1343 3637 turpiter
1359 3568 1497 3622 vitio
1516 3568 1709 3622 favens
1729 3587 1772 3622 a
1789 3568 1811 3641 ΙΙ
1835 3575 1931 3621 195
1944 3587 2018 3634 sq.
2040 3568 2241 3639 (Deum

229 3639 506 3710 —libid0)
544 3640 729 3693 adfert
764 3642 1112 3710 Augustinus
1147 3640 1215 3705 cf.
1252 3641 1427 3708 praef.
1469 3656 1509 3694 e.
1537 3641 1615 3693 ΙΙ
1644 3640 1800 3709 (vitio
1837 3639 2049 3710 favens)

1824 3731 1921 3782 11*
