2658 4117
340 259 418 313 V1
1145 260 1553 314 PRAEFATIO

344 406 645 484 accedunt,
684 428 833 485 quae
880 410 958 469 ad
1001 410 1262 469 indolem
1299 414 1359 468 et
1394 412 1648 470 formam
1694 411 1886 488 operis
1923 414 2083 471 recte
2127 413 2360 470 intelle-

340 499 592 577 gendam
620 517 1074 558 commemorare
1104 502 1353 575 oportet.
1416 500 1880 578 Tragoediarum
1914 502 2101 578 igitur
2132 503 2360 560 textum

336 607 474 647 cum
518 589 606 645 ita
652 589 948 646 communi
994 607 1173 663 opera
1219 592 1279 647 et
1320 587 1520 647 labore
1568 589 2054 648 conformandum
2100 589 2359 649 duxisse-

343 694 491 751 muS,
529 678 598 734 ut
635 677 785 735 alter
820 678 1063 736 alterius
1100 679 1344 736 inventa
1380 678 1477 736 vel
1512 677 1738 752 placita
1774 679 1932 737 socio
1970 678 2361 737 examinanda

346 768 700 842 proponeret
762 768 822 824 et
884 765 1261 840 diiudicanda
1324 766 1688 843 singulisque
1757 766 2202 842 quaestionibus
2271 770 2360 825 in-

346 855 538 913 vicem
582 854 855 913 tractatis
902 858 962 913 et
1005 856 1344 914 retractatis
1380 855 1440 912 id
1479 854 1715 913 demum
1751 873 2256 931 consequeremur,
2293 859 2361 913 ut

342 946 633 1018 quantum
683 942 813 1002 fieri
857 947 1081 1020 posset,
1125 943 1284 1001 idem
1331 943 1404 1002 ab
1461 947 1711 1019 utroque
1766 946 2153 1019 statueretur,
2206 945 2358 1002 hanc

339 1049 505 1108 spem
561 1031 636 1091 ad
689 1033 927 1090 irritum
980 1033 1150 1091 nobis
1208 1031 1483 1090 cecidisse
1538 1034 1761 1093 invitus
1815 1032 2109 1109 profiteor.
2202 1033 2360 1091 Nam

334 1121 542 1179 multis
587 1121 651 1177 in
695 1120 869 1179 rebus
916 1122 1155 1180 tametsi
1191 1121 1414 1179 iudicia
1457 1122 1717 1196 primum
1754 1120 2087 1180 differentia
2122 1124 2186 1180 in
2223 1141 2359 1182 con-

339 1227 573 1267 sensum
618 1209 870 1284 denique
925 1210 1136 1284 abiere,
1184 1209 1255 1268 de
1301 1228 1419 1269 non
1465 1212 1669 1285 paucis
1724 1212 1924 1268 tamen
1978 1211 2173 1287 iisque
2228 1229 2359 1288 gra·

337 1298 593 1356 vissimis
659 1298 1102 1373 quaestionibus
1167 1301 1370 1357 tantus
1433 1300 1654 1358 mansit
1718 1297 2013 1358 dissensus
2029 1345 2044 1374 ,
2109 1302 2179 1358 ut
2243 1317 2361 1375 qua

337 1385 577 1444 tandem
621 1387 852 1446 ratione
899 1389 1196 1445 communi
1242 1387 1492 1446 editioni
1527 1387 2007 1462 prospiciendum
2042 1388 2215 1462 foret,
2253 1407 2360 1466 ego

338 1474 581 1550 quidem
627 1476 897 1550 expedire
945 1478 1005 1534 et
1051 1476 1336 1552 dispicere
1382 1494 1500 1536 non
1546 1494 1794 1552 possem.
1876 1475 2060 1535 Velut
2104 1478 2168 1534 in
2214 1478 2359 1553 ipsis

338 1567 548 1639 poetae
585 1565 779 1623 verbis
815 1565 1244 1624 constituendis
1282 1584 1417 1624 cum
1458 1584 1589 1623 eam
1626 1564 1847 1624 laboris
1886 1566 2045 1624 socio
2065 1583 2361 1624 ,9911119111

336 1653 791 1729 proposuissem,
827 1657 896 1711 ut
931 1654 1098 1712 nulla
1135 1655 1429 1729 scriptura
1465 1656 1531 1712 in
1575 1655 1805 1712 textum
1849 1656 2209 1729 reciperetur
2243 1653 2362 1713 nisi

339 1742 413 1800 ab
441 1745 695 1817 utroque
733 1741 1134 1818 comprobata,
1161 1742 1427 1800 indicata
1464 1745 1667 1801 tamen
1704 1744 2133 1802 sententiarum
2171 1743 2359 1801 diver-

339 1832 516 1889 sitate
543 1830 607 1887 19
637 1830 1018 1890 adnotatione
1049 1833 1271 1906 critica,
1300 1827 1401 1889 ille
1439 1831 1785 1890 servitutem
1821 1832 1974 1890 hanc
2002 1832 2358 1906 exprobrans

343 1937 688 1978 consensum
740 1921 991 1995 respuit,
1048 1939 1166 1980 non
1219 1923 1421 1978 tamen
1476 1920 1768 1995 quomodo
1817 1938 2005 1996 aequo
2050 1921 2177 1978 iure
2225 1939 2358 1978 con·

341 2007 628 2067 troversia
686 2011 886 2085 posset
944 2010 1217 2085 componi
1277 2007 1629 2087 designavit.
1738 2009 1895 2068 Nam
1953 2012 2023 2069 ut
2082 2012 2209 2068 erat
2267 2010 2361 2069 vir

339 2097 590 2172 simplex
635 2100 696 2156 et
738 2098 956 2173 probus
1004 2101 1064 2156 et
1110 2101 1307 2158 animo
1360 2098 1827 2174 candidissimuS,
1875 2100 1959 2158 sic
2006 2100 2188 2157 etiam
2234 2098 2359 2174 opi·

338 2186 532 2245 nionis
579 2187 759 2245 semel
795 2190 1110 2262 conceptae
1155 2188 1305 2245 haut
1340 2206 1493 2261 raro,
1530 2191 1598 2246 ut
1643 2187 1793 2246 mihi
1836 2187 2076 2263 quidem
2120 2186 2357 2246 videba-

338 2276 463 2350 tur,
516 2276 674 2333 iusto
729 2277 1008 2335 tenacior.
1101 2274 1292 2344 Quam
1346 2276 1420 2336 ob
1475 2296 1601 2335 rem
1657 2276 1945 2336 adiutoris
1992 2276 2254 2335 officium
2302 2278 2362 2334 et

339 2363 603 2422 laborem
638 2368 942 2439 praestare
987 2368 1230 2440 paratus
1269 2365 1513 2424 editoris
1550 2384 1763 2425 nomen
1807 2368 1867 2423 et
1902 2365 2231 2441 periculum
2266 2365 2363 2422 illi

340 2452 719 2528 demandare,
776 2472 959 2529 quam
1012 2456 1138 2529 ipse
1195 2454 1503 2512 servitium
1558 2454 1854 2529 quoddam
1910 2454 2105 2512 subire
2154 2454 2360 2511 malui.

338 2540 781 2619 Ingravescenti
842 2543 1090 2618 posthac
1154 2544 1333 2601 amici
1395 2542 1735 2601 valetudine
1801 2562 1935 2601 cum
1991 2542 2062 2601 de
2119 2544 2361 2619 negotio

342 2692 863 2763 Veroffentlichung
919 2693 1017 2747 der
1070 2709 1253 2748 neuen
1304 2693 1686 2763 Bearbeitung
1740 2692 1837 2746 des
1889 2694 2106 2760 Texta,
2164 2693 2365 2747 dessen

340 2763 677 2834 Gestaltung
723 2763 899 2818 durch
945 2764 1036 2819 die
1082 2763 1418 2834 Ergebnisse
1463 2780 1634 2818 1191191·
1674 2764 2159 2835 Vergleichungen
2203 2764 2363 2818 nicht

338 2835 667 2890 wesentlich
695 2835 1020 2890 becinflusst
1046 2836 1270 2889 werden
1296 2835 1467 2902 kann,
1486 2835 1683 2889 immor
1709 2835 1918 2889 wieder
1946 2835 2364 2906 aufgeschoben

339 2906 458 2959 11911
502 2906 650 2961 99911
693 2908 933 2961 meinem
979 2905 1185 2961 Geffihl
1233 2906 1306 2961 ad
1341 2905 1617 2972 kalendas
1655 2922 1885 2976 graecas
1932 2910 2089 2961 verta
2192 2906 2363 2961 sehen

342 2994 410 3029 zu
445 2982 686 3045 19119999,
725 2977 826 3032 1199
862 2978 1008 3031 habe
1045 2978 1139 3031 ich
1168 2977 1310 3032 doch
1348 2978 1546 3031 immer
1571 2977 1821 3047 peinh'ch
1851 2978 2079 3047 empfun
2122 2995 2207 3032 99.
2253 2977 2363 3031 Um

337 3065 402 3102 vso
442 3048 599 3102 mehr
634 3048 790 3103 ffihle
828 3050 921 3103 ich
956 3049 1106 3103 mich
1141 3049 1287 3103 nach
1316 3048 1444 3102 dem
1472 3048 1626 3102 Tode
1666 3049 1762 3102 des
1800 3048 2143 3117 trefflichen,
2182 3048 2363 3103 991991

342 3120 447 3173 Art
483 3121 750 3188 getreuen
786 3121 1019 3175 Mannes
1056 3119 1422 3189 verpflichtet‚
1462 3120 1571 3173 1199
1608 3119 1815 3190 Ertrag
1861 3120 2041 3174 seiner
2076 3120 2365 3174 redlichen

341 3190 543 3244 Arbeit
579 3190 984 3246 aufzunehmen
1019 3191 1137 3246 und
1171 3190 1608 3245 weiterfi‘ihrend
1643 3210 1713 3245 zu
1747 3194 2071 3258 verwerten,
2109 3190 2364 3261 zugleich

345 3262 480 3314 aber
518 3263 662 3316 auch
700 3262 780 3316 919
818 3263 1042 3317 9111111911
1080 3262 1288 3317 eimnal
1325 3279 1394 3315 zu
1432 3262 1637 3327 ciuem,
1682 3279 1847 3316 wenn
1895 3262 2038 3317 auch
2079 3280 2186 3315 nur
2221 3261 2364 3316 rela-

343 3332 497 3385 tiven
533 3332 839 3387 Abschluss
877 3351 944 3386 zu
980 3334 1234 3405 bringen.
1307 3332 1423 3387 Das
1468 3350 1584 3387 war
1620 3333 1713 3387 ich
1752 3333 1879 3387 dem
1914 3332 2228 3387 Andenken
2265 3333 2363 3386 des

340 3403 630 3459 Freundes
673 3404 781 3459 wie
827 3405 926 3459 der
970 3404 1383 3459 Wissenschaft
1426 3403 1486 3457 in
1532 3403 1809 3475 gleichem
1855 3405 2039 3459 Masse
2087 3403 2362 3474 schuldig.

344 3474 452 3527 Die
504 3492 646 3531 neue
701 3475 1082 3530 Bearbeituno·
1137 3476 1237 3529 der
1289 3475 1609 3546 Tragcdien
1666 3475 1802 3530 aber
1853 3476 2076 3530 mochte
2125 3475 2218 3529 ich
2268 3494 2367 3528 um

346 3544 532 3600 ferner
565 3546 855 3618 liegender
890 3519 1120 3601 Zwec‘fxe
1157 3546 1345 3601 willen
1384 3546 1494 3600 den
1530 3547 1821 3617 gelehrten
1858 3546 2108 3613 Kreisen‚
2148 3547 2239 3600 die
2283 3546 2365 3600 sie

347 3619 623 3673 erwarten
660 3617 875 3684 dfirfen,
912 3617 1071 3671 nicht
1104 3617 1303 3687 langer
1339 3618 1421 3672 als
1459 3619 1621 3687 notig
1657 3618 1919 3689 schuldig
1953 3618 2218 3673 bleiben.’
2327 3640 2331 3644 ’
