2658 4117
841 271 1217 326 HERCVLES
1257 272 1636 345 [oETAnvs]
2120 277 2249 342 355

233 423 506 500 utroque
555 418 778 481 dextra
822 422 919 482 est
966 419 1228 501 scelere,
1274 440 1385 482 seu
1433 424 1636 483 mater
1679 441 1915 485 nocens

234 530 346 571 seu
393 508 528 570 dira
574 528 756 571 soror
801 529 895 591 es3
942 507 1100 571 adde
1146 530 1248 571 me
1295 508 1595 572 comitem
1642 510 1799 593 tuis,

232 595 526 661 Threicia
571 596 877 678 coniunx,
924 597 1296 681 sceleribus3
1340 601 1558 661 nassam
1604 602 1810 681 tuam,

233 684 506 749 Althaea
552 688 772 767 mater,
817 685 1056 769 recipe,
1101 707 1272 749 nunc
1317 708 1532 750 veram
1578 687 1677 750 tui
1819 745 1823 751 Β

231 796 504 860 agnosce
550 775 796 857 prolem
836 812 918 819 —
959 773 1113 856 quid
1159 779 1377 839 tamen
1420 778 1673 838 tantum
1721 798 1948 840 manus
2146 793 2247 842 955

231 867 475 927 vestrae
522 862 964 927 abstulerunt?
1013 864 1287 927 claudite
1333 863 1628 948 Elysium
1675 865 1835 928 mihi

233 972 668 1036 quaecumque
713 951 877 1015 fidae
925 953 1229 1038 coniuges
1275 954 1555 1017 nemoris
1603 955 1763 1017 sacri

229 1043 410 1106 lucos
456 1041 718 1124 tenetis3
766 1042 818 1104 si
867 1063 992 1124 qua
1037 1042 1342 1126 respersit
1386 1064 1612 1106 manus

229 1131 351 1194 viri
397 1151 618 1195 cruore
663 1150 782 1193 nec
827 1151 1074 1194 memor
1119 1135 1328 1195 castae
1374 1130 1533 1196 facis

229 1221 452 1284 stricto
501 1222 762 1283 cruenta
806 1218 1018 1284 Belias
1064 1220 1233 1284 ferro
1282 1221 1486 1303 stetit,
2144 1237 2247 1286 960

227 1310 295 1373 in
341 1332 442 1373 me
490 1330 636 1372 suas
682 1313 988 1393 agnoscat
1035 1314 1098 1373 et
1142 1309 1361 1373 laudet
1406 1331 1648 1373 manus.

226 1400 295 1462 in
340 1398 507 1462 hanc
553 1394 728 1461 abire
775 1398 1120 1483 coniugum
1166 1398 1423 1463 turbam
1469 1398 1656 1481 libet3

225 1486 338 1552 sed
386 1491 449 1551 et
494 1487 607 1550 illa
651 1485 859 1570 fugiet
904 1487 1095 1550 turba
1140 1491 1271 1550 tam
1319 1487 1488 1550 diras
1535 1509 1779 1550 manus.

224 1577 464 1640 invicte
511 1576 818 1658 coniunx,
864 1576 1170 1640 innocens
1217 1576 1468 1639 animus
1514 1575 1702 1657 mihi,

227 1666 495 1729 scelesta
539 1684 765 1726 manus
813 1668 923 1727 est.
1015 1685 1134 1747 pro
1181 1664 1373 1727 nimis
1419 1685 1599 1727 mens
1646 1663 1929 1748 credula,
2144 1680 2245 1728 965

225 1775 344 1837 pro
390 1752 595 1816 Nesse
640 1751 839 1815 fallax
887 1756 1079 1833 atque
1127 1752 1407 1815 semiferi
1452 1752 1609 1815 doli!

225 1841 474 1905 auferre
522 1841 783 1924 cupiens
830 1841 1060 1925 paelici
1107 1841 1314 1925 eripui
1359 1840 1537 1903 mihi.

225 1931 474 2013 recede,
520 1929 737 2012 Titan,
783 1933 980 2012 tuque
1028 1951 1190 2011 quae
1237 1929 1471 1994 blanda
1516 1934 1695 1993 tenes

224 2021 293 2084 in
338 2021 480 2084 luce
527 2019 792 2084 miseros
838 2019 998 2083 vita:
1045 2019 1321 2083 caritura
1366 2017 1643 2084 Hercule

222 2111 338 2173 lux
382 2109 529 2173 vilis
576 2109 698 2172 ista
744 2112 856 2172 est.
948 2110 1198 2193 exigam
1244 2129 1484 2191 poenas
1529 2107 1653 2172 tibi
2141 2125 2244 2174 970

223 2198 609 2281 reddamque
656 2198 870 2261 vitam.
960 2197 1096 2261 fata
1141 2220 1224 2260 an
1270 2199 1543 2261 extendo
1591 2219 1731 2260 mea

222 2291 648 2370 mortemque,
696 2287 1002 2369 coniunx,
1049 2286 1128 2349 ad
1173 2291 1316 2350 tuas
1365 2308 1545 2350 servo
1592 2286 1863 2350 manus?

221 2377 512 2440 virtusne
561 2380 849 2459 superest
894 2376 1110 2457 aliqua
1157 2379 1220 2439 et
1266 2379 1546 2439 armatae
1592 2397 1817 2439 manus

220 2466 550 2530 intendere
595 2486 812 2528 arcum
858 2465 988 2528 tela
1031 2465 1376 2529 missurum
1422 2464 1681 2528 valent?

221 2576 305 2618 an
351 2576 525 2617 arma
572 2558 821 2618 cessant
865 2557 1056 2635 teque
1101 2554 1435 2639 languenti
1481 2576 1672 2617 manu
2137 2570 2238 2618 975

219 2665 352 2707 non
398 2643 577 2706 audit
622 2642 847 2707 arcus?
896 2644 950 2706 si
995 2647 1179 2726 potes
1225 2644 1427 2707 letum
1475 2643 1648 2726 dare,

220 2734 506 2797 animose
553 2732 860 2814 coniunX,
907 2733 1230 2796 dexteram
1278 2735 1546 2816 expecto
1592 2735 1787 2794 tuam.

362 2929 459 2976 951
495 2927 734 2991 utraque
771 2929 816 2976 A
866 2928 873 2993 Ι
925 2923 1155 2978 dextera
1191 2930 1233 2976 E
1284 2927 1292 2994 Ι
1344 2924 1550 2978 scelere
1573 2955 1637 2962 —
1668 2939 1726 2976 es
1769 2938 1867 2976 om.
1908 2924 2014 2977 A(v)
2055 2925 2124 2990 cf.
2166 2926 2241 2978 ad

218 3011 264 3049 v.
297 2997 454 3065 97311
490 3000 594 3048 954
633 2994 882 3049 altheam
918 3001 960 3047 Ε
994 2998 1001 3063 Ι
1033 2997 1189 3049 tuam
1229 3000 1274 3047 A
1313 2998 1333 3065 ΙΙ
1378 3000 1482 3048 959
1521 3011 1564 3048 c.
1596 2992 1732 3047 fides
1770 2994 1876 3046 A(v)
1917 2998 1934 3065 ΙΙ
1977 2999 2081 3047 960
2120 3013 2158 3049 s.
2192 3013 2236 3048 c.

216 3066 370 3120 bella
408 3084 534 3121 cum
563 3066 715 3120 'ferro
751 3072 794 3118 Ε
833 3068 901 3133 cf.
934 3067 1036 3133 Hf'.
1065 3071 1175 3122 261
1217 3069 1236 3136 ΙΙ
1276 3071 1374 3119 961
1412 3068 1713 3135 cognoscat
1749 3069 1794 3116 A
1834 3068 1852 3135 Η
1893 3070 1998 3118 962
2035 3065 2095 3118 in
2131 3066 2238 3119 hac

218 3137 373 3191 abire
412 3137 707 3207 coniugem
741 3138 908 3191 turba
944 3138 980 3192 1.
1011 3144 1053 3190 Ε
1095 3141 1113 3207 ΙΙ
1154 3143 1257 3191 963
1297 3136 1394 3190 sed
1432 3153 1531 3194 om.
1562 3143 1603 3189 Ε
1645 3139 1664 3206 ΙΙ
1705 3141 1807 3189 965
1846 3151 1933 3189 res
1972 3136 2115 3191 cred.
2146 3143 2189 3189 Ε
2217 3138 2235 3208 ξΙ

216 3214 322 3262 966
358 3223 602 3276 namque
639 3207 882 3262 semiferi
921 3208 1064 3262 dolis
1102 3213 1147 3260 A
1199 3211 1218 3278 ΙΙ
1272 3214 1377 3262 969
1415 3208 1655 3262 cariture
1693 3212 1738 3259 A
1791 3209 1810 3276 ΙΙ
1863 3212 1968 3260 970
2004 3207 2102 3260 lux
2136 3207 2239 3261 illa.

217 3280 397 3334 sistat.
457 3279 648 3349 exigat
682 3295 856 3349 penas
895 3280 1002 3333 sibi
1031 3287 1072 3333 Ε
1101 3282 1119 3349 ΙΙ
1148 3285 1245 3333 971
1281 3279 1474 3333 satane
1503 3282 1610 3333 ext.
1641 3283 1686 3330 A
1713 3280 1730 3347 ΙΙ
1759 3283 1865 3332 972
1902 3279 1960 3331 in
1992 3282 2119 3332 tuas
2148 3284 2193 3331 A
2226 3281 2233 3351 Ι

217 3368 427 3405 servem
467 3356 512 3403 A
574 3353 594 3421 ΙΙ
656 3356 759 3404 973
798 3354 1016 3405 armata
1053 3358 1096 3404 Ε
1142 3369 1277 3406 corr.
1315 3351 1550 3419 Lipsius
1596 3349 1787 3418 aliqua
1826 3349 2135 3404 Sarmatica
2181 3354 2238 3405 et

213 3439 415 3476 manus
453 3428 498 3475 A
561 3425 579 3491 Η
632 3428 761 3491 post
796 3427 900 3476 978
938 3424 1200 3477 inseritur
1243 3440 1290 3477 v.
1331 3427 1438 3475 952
1473 3423 1577 3475 sie.-
1625 3437 1722 3475 seu
1769 3420 1891 3475 dira
1937 3438 2089 3475 soror
2135 3426 2235 3476 est.

213 3494 362 3547 adde
389 3510 480 3548 me
510 3493 770 3547 comitem
798 3494 913 3548 tuis
941 3499 986 3546 A
1014 3496 1081 3560 ef.
1113 3495 1188 3548 ad
1213 3511 1260 3548 v.
1292 3498 1397 3548 951
1426 3495 1445 3562 ΙΙ
1473 3497 1577 3546 974
1614 3493 1939 3546 miserorum
1976 3493 2167 3547 valent
2193 3499 2236 3545 E

213 3566 514 3619 missurum
551 3565 702 3619 valet
738 3570 783 3617 A
823 3568 842 3635 ΙΙ
883 3570 987 3618 976
1026 3581 1157 3618 arcu
1195 3571 1236 3617 Ε
1271 3568 1278 3634 Ι
1309 3567 1498 3634 potest
1533 3564 1708 3618 telum
1748 3563 1797 3617 d.
1829 3569 1874 3616 A
1915 3567 1933 3634 ΙΙ
1975 3570 2077 3618 977
2118 3565 2237 3618 ani-

210 3653 372 3691 mosa
409 3642 454 3689 A

1804 3726 1913 3779 23*
