2658 4117
296 225 429 290 230
945 224 1003 277 L.
1033 223 1317 276 ANNAEI
1355 222 1682 277 SENECAE

612 390 917 453 praeceps
964 369 1157 432 silvas
1205 373 1584 452 montesque
1629 368 1802 454 fugit
2193 385 2297 435 755

617 459 781 523 citus
827 456 1116 521 Actaeon
1161 457 1447 542 agilique
1492 459 1699 542 magis

614 548 777 630 pede
822 567 939 630 per
983 545 1187 610 saltus
1233 567 1307 610 ac
1354 567 1507 609 saxa
1552 567 1753 631 vagus

614 635 848 698 metuit
892 638 1101 699 motas
1149 635 1443 718 zephyris
1491 636 1743 718 plumas

615 727 680 787 eb
726 745 888 806 quae
932 724 1152 806 posuit
1196 724 1359 787 retia
1405 725 1592 788 vitat:

615 813 818 876 donec
862 811 1100 895 placidi
1143 813 1344 876 fontis
1390 812 1457 875 in
1503 812 1675 876 unda
2222 828 2326 877 760

615 921 855 966 cornua
900 901 1063 965 vidit
1107 902 1454 984 vultusque
1500 901 1698 985 feros3

613 988 706 1052 ibi
751 989 1074 1075 virgineos
1118 990 1370 1054 foverat
1417 993 1593 1054 artus

612 1079 885 1142 nimium
931 1078 1105 1142 saevi
1152 1078 1299 1141 diva
1346 1078 1627 1161 pudoris,

899 1306 1271 1372 OEDIPVS
1346 1305 1717 1373 IOOASTA

428 1447 626 1514 Curas
672 1448 946 1514 revolvit
993 1451 1244 1514 animus
1291 1453 1358 1514 et
1404 1451 1640 1533 repetit
1684 1455 1912 1515 metus

294 1538 504 1603 obisse
550 1542 773 1603 nostro
820 1537 1050 1602 Laium
1098 1540 1336 1605 scelere
1382 1542 1723 1603 autumant
2221 1555 2321 1603 765

294 1627 511 1712 superi
558 1627 900 1711 inferique,
948 1627 1056 1691 sed
1104 1628 1356 1692 animus
1405 1631 1628 1692 contra
1672 1629 1978 1693 innocens

291 1717 544 1799 sibique
587 1715 818 1780 melius
867 1738 1060 1800 quam
1107 1717 1241 1780 deis
1288 1721 1482 1781 notus
1527 1721 1738 1801 negat.

290 1805 459 1869 redit
503 1805 815 1869 memoria
859 1809 1051 1869 tenue
1097 1828 1213 1889 per
1257 1805 1632 1889 vestigium,

293 1893 594 1959 cecidisse
639 1895 846 1959 nostri
892 1894 1133 1978 stipitis
1181 1895 1374 1977 pulsu
1421 1893 1684 1958 obvium

294 1984 641 2067 datumque
686 1982 828 2046 Diti
875 2004 1018 2047 cum
1065 1983 1244 2067 prior
1288 1983 1585 2047 iuvenem
1632 2005 1851 2066 senex,
2221 1998 2323 2047 770

295 2094 484 2137 curru
530 2073 869 2154 superbus,
915 2073 1208 2156 pelleret,
1255 2072 1495 2137 Thebis
1542 2074 1768 2156 procul

292 2160 588 2224 Phocaea
632 2160 878 2224 trifidas
924 2162 1102 2245 regio
1153 2182 1282 2244 qua
1329 2160 1566 2226 scindit
1611 2162 1764 2225 vias

292 2249 597 2313 111131111113
645 2249 950 2333 coniunx,
998 2250 1248 2332 explica
1293 2271 1540 2314 errores
1587 2271 1840 2332 precor:

296 2345 457 2421 quae
504 2338 712 2421 spatia
758 2338 1035 2401 moriens
1080 2337 1275 2401 Laius
1322 2337 1494 2402 vitae
1540 2338 1735 2402 tulit?

294 2427 587 2510 primone
634 2426 701 2489 in
748 2447 904 2490 aevo
952 2427 1175 2490 viridis
1221 2449 1303 2490 an
1350 2426 1556 2491 fracto
1605 2427 1883 2490 occidit?
2218 2441 2319 2491 775

294 2531 428 2579 100.
474 2514 653 2578 Inter
699 2535 915 2579 senem
961 2514 1411 2599 iuvenemque,
1458 2515 1570 2579 sed
1614 2516 1881 2599 propior
1926 2514 2078 2579 seni.

294 2621 457 2668 OED.
503 2602 913 2686 Frequensne
959 2604 1149 2667 turba
1192 2604 1445 2689 regium
1493 2603 1697 2668 cinxit
1740 2603 1957 2667 latus?

294 2708 429 2756 100.
476 2691 700 2756 Plures
745 2692 977 2756 fefellit
1024 2714 1199 2756 error
1243 2691 1545 2776 ancipitis
1592 2692 1759 2774 viae,

293 2802 535 2864 paucos
580 2780 788 2844 fidelis
836 2780 1129 2845 curribus
1175 2781 1391 2844 iunxit
1433 2780 1633 2845 labor.

296 2886 458 2934 ΟΕΙ).
504 2867 844 2952 Aliquisne
893 2870 1122 2933 cecidit
1164 2870 1344 2955 regio
1391 2869 1526 2933 fato
1576 2869 1829 2933 comes?
2221 2884 2323 2934 780

294 2974 429 3022 100.
477 2956 696 3021 Vnum
741 2958 902 3022 fides
947 2958 1280 3042 virtusque
1328 2962 1689 3022 consortem
1742 2957 2001 3022 addidit.

295 3063 456 3110 OED.
503 3045 714 3110 Teneo
761 3052 1117 3111 nocentem.
1210 3047 1511 3111 convenit
1553 3068 1881 3125 numerus,
1926 3047 2134 3111 locus:

294 3136 406 3200 sed
451 3139 714 3219 tempus
755 3136 932 3200 adde.

837 3241 971 3290 100.
1018 3224 1285 3289 Decima
1331 3225 1459 3288 13111
1506 3224 1772 3289 metitur
1817 3245 2015 3308 seges.

438 3440 536 3488 761
572 3433 729 3487 ferox
764 3440 864 3487 BA
903 3451 1037 3489 corr.
1069 3437 1288 3503 τ11762
1323 3435 1423 3488 ubi
1461 3440 1506 3486 A
1542 3436 1561 3503 11
1603 3439 1707 3487 763
1746 3434 1870 3487 dira
1907 3439 1950 3486 Ε
1990 3436 2009 3502 11
2055 3438 2162 3487 ⁷64
2199 3453 2322 3487 om).

288 3505 470 3571 praef.
499 3511 542 3557 Ε
581 3520 682 3558 om.
712 3510 757 3556 A
793 3508 812 3576 11
849 3511 954 3558 769
991 3521 1091 3561 om.
1121 3518 1178 3571 ψ
1219 3508 1239 3575 ΙΙ
1284 3511 1389 3560 770
1427 3505 1624 3559 datum
1662 3521 1781 3559 esse
1819 3504 1932 3568 diti,
1963 3509 2009 3558 A
2036 3507 2055 3574 ΙΙ
2090 3510 2194 3558 773
2233 3521 2324 3558 ex-

296 3574 450 3641 plica
487 3590 729 3628 errorem
766 3580 811 3626 A
849 3576 1097 3645 explicet
1131 3593 1282 3630 rores
1318 3584 1361 3629 Ε
1389 3579 1407 3644 fl
1436 3582 1538 3629 775
1578 3575 1935 3631 fractoccidit
1970 3582 2013 3629 Ε
