2658 4117
1073 1008 1687 1082 PERSONAE

1354 1162 1415 1227 A

1228 1305 1527 1353 OEDIPVS

1224 1394 1584 1442 ANTIGONA

1227 1484 1531 1531 NVNTIVS

457 1610 724 1658 SCAENA
769 1609 997 1657 PROPE
1046 1609 1315 1657 THEBAS
1364 1609 1459 1656 AD
1508 1607 2009 1655 CITHAERONEM
2059 1607 2319 1656 VERSVS

1360 1769 1415 1833 B

1155 1912 1178 1957 1
1225 1908 1521 1959 IOCASTA

1133 2019 1183 2065 11
1229 2016 1590 2066 ANTIGONA

1229 2107 1615 2154 POLYNICES

1103 2215 1180 2261 111
1227 2213 1590 2261 ETEOCLES

1228 2303 1582 2350 SATELLES

1106 2428 1373 2475 SCAENA
1421 2427 1669 2474 THEBIS

535 2657 698 2697 Nota.
756 2656 953 2697 Scaenae
989 2657 1342 2698 Phoenissa-um
1376 2658 1451 2698 vel
1488 2657 1748 2696 Thebaidos
1785 2656 1968 2696 nomine
2006 2656 2278 2697 coniunctas
2304 2669 2400 2697 non

380 2711 521 2751 unius
547 2721 646 2751 esse
675 2710 955 2761 tragoediae,
984 2712 1065 2751 sed
1093 2712 1152 2751 ad
1172 2712 1358 2751 diversa
1375 2713 1584 2759 spectare
1604 2713 1884 2760 argumenta,
1912 2710 2113 2750 breviter
2132 2713 2394 2751 statuerunt

377 2764 432 2803 D.
452 2764 673 2804 Heinsius
702 2763 787 2815 (ed.
810 2766 914 2806 1651
943 2776 986 2812 Ρ.
1006 2765 1116 2816 515),
1146 2765 1370 2805 Swoboda
1397 2765 1474 2803 111
1492 2765 1584 2815 276,
1613 2763 1816 2804 Schoene
1838 2763 2048 2814 (Allgem.
2071 2763 2401 2814 Schulzeitung

379 2819 483 2858 1831
511 2818 562 2856 Π
590 2818 726 2869 1029),
754 2818 806 2857 Β.
823 2818 1031 2858 Schmidt
1059 2817 1133 2868 (de
1163 2818 1337 2857 emend.
1368 2818 1469 2858 Sen.
1489 2821 1603 2866 trag.
1626 2817 1707 2868 76),
1734 2817 1897 2864 Peiper
1925 2816 2115 2867 (observ.
2136 2817 2218 2869 38),
2246 2818 2398 2858 fusius

376 2871 685 2918 probaverunt
728 2869 779 2910 G.
808 2871 999 2911 Richter
1039 2870 1113 2921 (de
1152 2871 1254 2911 Sen.
1283 2873 1339 2910 tr.
1377 2873 1498 2910 auct.
1536 2872 1588 2910 20
1626 2870 1766 2921 sqq.),
1806 2870 1854 2908 P.
1883 2871 2155 2910 Habrucker
2196 2871 2397 2921 (Quaest.

376 2923 499 2963 Ann.
527 2925 580 2965 22
608 2924 739 2975 sqq.),
766 2924 904 2963 Helm
934 2924 1017 2975 (De
1045 2924 1093 2963 P.
1121 2925 1231 2972 Pap.
1262 2924 1404 2964 Statii
1431 2923 1663 2963 Thebaide
1692 2934 1734 2970 Ρ.
1764 2925 1828 2975 54,
1848 2924 1897 2964 57
1928 2938 1939 2973 ;
1966 2924 2103 2963 unius
2130 2925 2399 2974 tragoediae

378 2977 459 3017 sed
487 2989 516 3017 a
542 2981 678 3024 poeta
696 2988 790 3017 non
809 2978 870 3017 ad
886 2978 1024 3017 finem
1044 2979 1294 3026 perductae
1312 2977 1572 3026 fragmenta
1590 2987 1688 3016 esse
1705 2976 1861 3015 Braun
1906 2977 2023 3016 Mus.
2043 2977 2129 3016 Bh.
2150 2979 2214 3028 20,
2235 2979 2311 3018 271
2333 2990 2398 3027 sq.

378 3030 438 3069 cf.
468 3030 522 3070 R.
537 3031 741 3081 Werner,
777 3031 844 3071 De
874 3030 977 3071 Sen.
1005 3031 1209 3071 Hercule
1238 3031 1494 3070 Troadibus
1520 3029 1784 3069 Phoenissis
1812 3030 2102 3078 quaestiones
2139 3042 2181 3078 Ρ.
2210 3032 2262 3072 39
2282 3036 2400 3080 sqq.)

378 3084 469 3123 sibi
495 3084 746 3134 persuasit;
773 3085 1004 3124 suasorias
1032 3085 1256 3133 quasdam
1284 3084 1496 3123 scaenico
1523 3087 1748 3131 apparatu
1775 3087 2020 3123 exornatas
2046 3084 2400 3132 deprehendisse

378 3137 469 3176 sibi
503 3137 631 3176 visus
668 3142 739 3178 est
766 3138 818 3176 F.
846 3138 942 3177 Leo
971 3138 1011 3188 (Ι
1039 3138 1091 3178 75
1119 3149 1214 3186 sqq.
1252 3137 1310 3177 cf.
1339 3136 1458 3176 Mus.
1487 3137 1573 3175 Rh.
1603 3137 1705 3176 1897
1743 3148 1787 3184 Ρ.
1816 3138 1896 3177 518
1924 3139 2011 3187 n.)‚
2048 3138 2125 3176 cui
2161 3137 2401 3185 applausit

376 3189 432 3228 A.
460 3189 567 3229 Pais
604 3190 663 3241 (Π
697 3193 846 3231 teatro
883 3191 931 3230 di
970 3191 1157 3232 Seneca.
1186 3192 1357 3230 'forino
1385 3191 1490 3230 1890
1527 3201 1570 3237 Ρ.
1601 3189 1680 3240 75).
1744 3190 1880 3229 Hanc
1918 3190 2194 3229 sententiam
2231 3192 2401 3231 acriter

379 3242 706 3291 impugnavere
733 3244 837 3283 Birt
864 3243 997 3295 (Mus.
1026 3244 1113 3283 Rh.
1142 3246 1209 3294 34,
1226 3245 1305 3284 516
1335 3255 1431 3293 sqq.
1461 3242 1519 3283 cf.
1548 3243 1760 3282 Werneri
1796 3243 2160 3291 disputationem
2193 3256 2234 3291 p.
2255 3245 2323 3296 33)
2353 3249 2400 3284 et

377 3296 568 3335 mutatis
610 3308 669 3336 ex
708 3300 839 3345 parte
881 3298 1165 3348 argumentis
1205 3297 1446 3346 Lindskog
1486 3295 1695 3347 (Studien
1736 3307 1780 3344 Ρ.
1809 3298 1861 3337 63
1890 3296 2018 3348 sqq.).
2088 3297 2290 3346 Quorum
2316 3299 2399 3338 ille

382 3348 588 3397 integrae
629 3350 766 3389 unius
809 3351 1072 3401 tragoediae
1114 3354 1161 3390 et
1197 3350 1337 3390 choro
1373 3351 1627 3390 instructae
1663 3349 1937 3389 Phoenissas
1975 3361 2073 3389 esse
2101 3354 2318 3399 excerpta
2344 3373 2399 3380 —

382 3400 581 3447 permiro
610 3403 827 3442 nimirum
855 3415 965 3443 casu
984 3404 1324 3453 tragoediarum
1347 3403 1529 3451 corpori
1546 3403 1727 3442 intrusa
1744 3424 1797 3432 —
1816 3403 2039 3443 audacius
2058 3415 2196 3452 quam
2214 3404 2399 3444 felicius

381 3454 679 3499 comprobare
721 3456 899 3495 studuit
942 3457 1016 3507 (cf.
1036 3456 1250 3498 Werneri
1284 3456 1610 3497 refutationem
1646 3468 1690 3504 Ρ.
1718 3458 1770 3496 33
1799 3456 1913 3508 sqq.)
1949 3459 2186 3506 totumque
2213 3458 2400 3497 fabulae

380 3505 562 3553 qualem
591 3507 701 3547 olim
729 3509 937 3549 extitisse
966 3510 1120 3550 animo
1147 3509 1442 3560 informavit,
1478 3510 1721 3549 decursum
1749 3509 2061 3561 adumbravit,
2090 3521 2191 3550 eum
2221 3511 2400 3550 scilicet

380 3558 462 3605 qui
498 3568 690 3599 scaenae
726 3563 1126 3602 commutationem
1164 3566 1235 3602 ter
1273 3564 1349 3603 vel
1391 3563 1636 3612 quinquies
1678 3563 1923 3602 admissam
1965 3564 2181 3610 postulet.
2219 3584 2271 3593 --
2312 3564 2398 3604 Ec·

380 3611 566 3659 quando
592 3611 701 3653 huic
730 3613 925 3664 Sphingi
952 3627 1061 3655 suus
1091 3616 1259 3656 existet
1287 3616 1518 3664 Oedipus?
