2658 4117
100 2351 107 2416 Ι

1005 277 1416 332 PRAEFATIO
2071 279 2228 334 XVII

224 432 273 490 et
309 429 477 486 nihili
520 428 703 504 pendi
747 429 840 488 fas
887 432 1041 489 esset
1074 430 1519 504 interpolatoris
1565 429 1861 489 lectiones.
1929 429 2045 488 Sed
2083 449 2226 505 quo-

222 521 358 578 niam
410 519 639 576 certum
700 519 817 592 est,
871 536 989 578 non
1042 537 1234 594 pauca
1288 518 1484 577 verius
1540 517 1613 576 ab
1670 537 1737 578 eo
1785 536 1908 578 esse
1954 538 2024 577 ex
2069 537 2224 578 com-

221 610 362 666 muni
394 608 560 665 fonte
604 606 843 665 reddita
879 626 1059 682 quam
1103 609 1168 665 in
1214 607 1406 666 altera
1441 609 1777 666 recensione
1824 609 2045 683 extant,
2084 628 2225 665 eun—

222 697 444 773 demque
482 697 738 770 constat,
776 696 889 754 etsi
926 713 1369 771 nonnumquam
1406 697 1666 754 veterem
1702 696 2016 755 lectionem
2051 699 2225 755 tanta

218 787 483 845 violentia
529 785 962 860 immutaverit,
1006 788 1075 843 ut
1120 804 1193 843 ne
1240 786 1440 845 volam
1487 785 1724 860 quidem
1783 804 1849 844 ac
1902 787 2224 863 vestigium

217 877 324 934 eius
366 875 750 949 relinqueret,
789 874 911 931 alia
955 876 1215 933 mutasse
1262 873 1519 949 quidem,
1557 873 1660 932 sed
1702 876 1792 932 ita
1837 876 2116 949 mutasse,
2152 878 2225 933 ut

215 964 342 1039 quid
394 965 459 1021 in
515 963 841 1038 archetypo
896 962 1131 1040 legerit,
1187 964 1463 1040 cognosci
1520 963 1703 1022 etiam
1754 965 1972 1038 possit,
2029 964 2223 1022 multa

212 1053 450 1128 denique
494 1054 730 1110 intacta
773 1051 1108 1127 reliquisse:
1165 1051 1236 1110 de
1283 1050 1620 1110 adhibenda
1675 1053 1912 1128 vulgari
1966 1052 2220 1112 lectione

209 1145 287 1201 sic
329 1141 605 1217 equidem
653 1142 873 1215 statu0,
919 1144 986 1198 ut
1030 1159 1385 1215 unoquoque
1432 1141 1580 1215 loc0,
1617 1141 1720 1198 ubi
1766 1160 1885 1199 non
1930 1144 2093 1200 certa
2127 1159 2220 1199 ra-

207 1232 359 1290 tione
406 1230 478 1288 de
525 1229 988 1304 interpolatione
1035 1230 1388 1304 constiterit,
1436 1229 1745 1306 archetypi
1789 1231 2111 1307 imaginem
2152 1249 2223 1288 ex

207 1320 505 1394 utriusque
551 1319 910 1377 recensionis
957 1319 1209 1377 lectione
1261 1319 1481 1377 collata
1525 1317 1903 1378 reficiendam
1948 1337 2089 1394 esse,
2137 1321 2220 1378 eis

205 1412 398 1467 autem
441 1407 608 1480 lociS‚
643 1406 750 1464 ubi
784 1407 932 1466 levis
969 1409 1130 1466 extet
1165 1407 1437 1466 lectionis
1475 1406 1809 1466 differentia
1846 1410 1906 1466 et
1940 1409 2029 1468 ita
2065 1427 2219 1467 com-

202 1500 429 1574 parata,
472 1499 544 1554 ut
587 1498 842 1571 utraque
889 1498 950 1555 et
996 1499 1183 1555 metro
1230 1499 1292 1554 et
1329 1497 1659 1555 sententiae
1698 1498 2011 1555 convenire
2058 1496 2219 1556 vide-

203 1590 348 1661 atur,
394 1604 530 1645 eam
574 1603 846 1644 censeam
887 1603 1011 1645 esse
1055 1585 1524 1660 praeferendam,
1561 1604 1712 1660 quae
1750 1585 1959 1644 subtili
2003 1587 2220 1644 exami-

201 1676 437 1733 natione
483 1675 681 1732 verior
727 1676 788 1732 et
832 1676 963 1750 ipso
1007 1676 1188 1750 poeta
1234 1674 1472 1750 dignior
1516 1673 1910 1733 existimanda
1956 1668 2076 1732 sit.'
2149 1673 2220 1733 Id

200 1764 361 1839 quod
405 1763 690 1838 exemplis
735 1762 842 1822 illo
888 1762 1017 1822 loco
1063 1764 1387 1838 propositis
1432 1763 1747 1822 illustravi.
1794 1795 1882 1802 —

332 1852 403 1909 In
445 1851 792 1910 adornanda
830 1851 1212 1910 adnotatione
1250 1853 1457 1910 critica
1503 1851 1698 1928 legem
1741 1852 1909 1909 tenui
1946 1870 1983 1910 a
2018 1849 2216 1909 Leone

200 1941 596 2016 observatam,
646 1959 825 2015 quam
871 1942 955 1999 sic
1010 1943 1299 2016 expressit
1344 1933 1435 2021 (H
1469 1941 1654 2016 praef.
1691 1959 1750 2015 p.
1787 1931 1961 2019 VH):
2011 1935 2219 2013 ‘quae-

114 2079 119 2084 .
197 2049 446 2105 cumque
500 2031 566 2089 in
619 2030 935 2090 verborum
989 2032 1266 2089 contextu
1329 2029 1715 2089 adnotatione
1778 2047 1899 2088 non
1956 2029 2219 2089 subiecta

195 2120 476 2197 leguntur
531 2118 800 2178 codicum
857 2138 1143 2178 consensu
1196 2119 1424 2178 tradita
1484 2121 1649 2194 sunt3
1713 2118 1927 2194 quibus
1982 2119 2220 2176 tantum

193 2211 298 2267 aut
342 2208 589 2267 Etrusci
635 2211 740 2266 aut
783 2208 1228 2284 interpolatoris
1274 2210 1572 2284 scriptura
1617 2208 1823 2266 addita
1868 2210 1983 2282 est,
2030 2208 2216 2267 altero

104 2269 113 2348 l
192 2299 345 2356 teste
391 2291 721 2355 nituntur'.
815 2295 1318 2375 orthographiam
1375 2297 1590 2355 codicis
1645 2296 1886 2356 Etrusci
1939 2298 2004 2355 in
2049 2299 2217 2355 textu

102 2435 105 2462 ,
192 2384 610 2445 constituendo
657 2385 1008 2446 servandam
1053 2385 1213 2460 duxi,
1248 2386 1354 2444 ubi
1394 2405 1528 2445 eam
1563 2404 1699 2444 cum
1737 2388 1870 2445 aevi
1905 2384 2219 2445 Annaeani

100 2471 105 2488 ⁸
188 2493 356 2533 more
403 2476 736 2534 consentire
782 2474 880 2533 vel
924 2477 1150 2534 certum
1195 2476 1293 2534 vel
1337 2474 1645 2551 probabile
1691 2474 2019 2533 videbatur.
2112 2473 2217 2533 Ce-

184 2566 390 2622 terum
447 2565 818 2623 constantiae
874 2563 1182 2623 cuiusdam
1245 2566 1305 2623 et
1361 2563 1807 2640 aequabilitatis
1873 2564 2126 2638 speciem
2180 2581 2216 2621 a

180 2653 457 2711 cuiusvis
504 2654 639 2711 aevi
689 2653 1112 2711 consuetudine
1169 2653 1427 2712 alienam
1473 2654 1644 2711 anxie
1699 2671 1978 2727 quaerere
2032 2652 2215 2710 nolui.

180 2741 276 2799 Ne
341 2760 418 2799 ea
478 2741 716 2815 quidem
770 2760 921 2816 quae
979 2744 1044 2800 in
1092 2741 1347 2801 Hercule
1393 2741 1456 2799 H
1514 2741 1843 2819 singularia
1902 2742 2217 2799 occurrunt

177 2831 537 2904 scriptionis
592 2830 861 2905 exempla
913 2831 1270 2889 removenda
1335 2831 1492 2889 duxi.
1582 2830 1872 2889 Numeros
1935 2846 2215 2888 versuum

173 2919 435 2977 restitui
480 2916 902 2978 GronovianOS.

323 3007 541 3066 Restat
593 3009 658 3065 in
715 3004 995 3067 Oc'rAvm
1049 3008 1240 3066 denuo
1304 3006 1530 3067 edenda
1594 3007 1886 3082 quomodo
1941 3008 2212 3065 versatus

174 3097 301 3154 sim
348 3098 428 3153 ut
471 3097 676 3172 paucis
722 3114 1027 3171 exponam.
1108 3095 1308 3171 Atque
1354 3098 1418 3154 in
1463 3098 1803 3172 praetextae
1848 3094 2043 3154 verbis
2081 3114 2216 3154 con-

172 3183 514 3243 stituendis
557 3203 727 3243 omne
775 3203 842 3243 eo
887 3184 1046 3243 redit
1082 3186 1403 3243 recensoris
1441 3184 1719 3258 officium,
1755 3187 1823 3243 ut
1860 3186 1984 3243 eius
2021 3204 2212 3243 exem-

171 3273 378 3348 plaris
427 3292 549 3332 non
589 3275 680 3332 ita
726 3275 972 3348 vetusti,
1008 3273 1164 3332 unde
1210 3277 1400 3333 totam
1455 3292 1601 3348 quos
1657 3273 1896 3348 quidem
1940 3275 2211 3332 novimus

169 3362 485 3420 librorum
528 3364 760 3438 copiam
804 3362 1149 3438 profluxisse
1195 3364 1589 3422 certissimum
1635 3365 1725 3421 est
1761 3354 1907 3444 (Leo
1935 3361 1999 3419 II
2036 3357 2214 3442 340),

167 3451 268 3509 ita
331 3452 693 3510 restituatur
745 3452 1056 3527 scriptura,
1109 3455 1178 3511 ut
1229 3452 1367 3511 inde
1423 3451 1756 3510 emendatio
1811 3470 2014 3510 eorum
2060 3470 2211 3527 quae

164 3541 407 3598 vitiose
468 3541 534 3598 in
591 3541 912 3616 archetypo
971 3542 1078 3599 illo
1131 3541 1359 3600 tradita
1417 3543 1603 3615 erant,
1660 3543 1968 3615 tamquam
2026 3559 2062 3599 a
2119 3558 2211 3599 so-

164 3628 312 3688 lido
373 3628 764 3689 fundamento
822 3629 1116 3705 proficisci
1171 3632 1375 3706 possit.
1467 3628 1537 3688 Id
1589 3629 1652 3687 F.
1701 3628 1831 3687 Lno
1887 3631 1955 3685 ut
1998 3629 2097 3685 via
2152 3630 2211 3685 et

288 3736 526 3778 Smcu
551 3747 873 3780 mannum.
1855 3726 1891 3778 b
