2658 4117
1063 280 1485 337 AGAMEMNO
2165 285 2291 349 261

265 427 443 492 vehit
487 427 614 492 ista
658 426 917 492 Danaos
965 426 1185 491 classis
1195 476 1213 509 ,
1260 432 1322 494 et
1369 426 1569 491 Troas
1614 427 1831 492 vehit?

264 537 385 580 nec
430 516 616 600 plura
662 520 958 598 possunt:
1006 519 1280 598 occupat
1323 536 1547 580 vocem
1594 538 1783 580 mare.

400 604 566 668 Ecce
613 606 739 669 alia
785 604 1010 668 clades,
1102 604 1373 667 fulmine
1418 605 1567 668 irati
1611 603 1785 669 Iovis

266 698 511 758 armata
555 692 769 757 Pallas
816 692 1121 776 quicquid
1164 693 1323 757 haut
1369 693 1554 757 hasta
1601 694 1844 776 minax,
1891 685 1899 695 ’

265 782 424 847 haut
470 782 720 867 aegide,
764 780 924 847 haut
966 782 1183 845 furore
1231 779 1573 866 Gorgoneo
1621 786 1862 865 potest,
2193 798 2295 845 530

267 874 336 935 at
379 871 528 955 igne
574 871 784 953 patrio
829 874 1134 953 temptat,
1178 874 1242 934 et
1288 869 1465 933 caelo
1510 891 1714 935 novae

269 959 514 1042 spirant
559 958 893 1042 procellae.
984 958 1160 1022 solus
1205 958 1483 1022 invictus
1528 958 1715 1022 malis

265 1048 550 1112 luctatur
593 1045 778 1111 Aiax.
869 1047 1011 1111 vela
1057 1051 1393 1131 cogentem
1440 1047 1613 1111 hunc
1659 1069 1773 1111 3113

265 1140 446 1200 tento
492 1136 760 1200 rudente
805 1135 1065 1199 flamma
1110 1136 1523 1218 praestrinxit
1570 1136 1816 1200 cadens.

264 1224 537 1288 libratur
581 1223 756 1288 aliud
799 1223 1072 1287 fulmen:
1117 1223 1241 1287 hoc
1284 1228 1427 1287 toto
1473 1224 1718 1308 impetu
2193 1240 2296 1287 535

267 1317 511 1377 certum
555 1313 816 1376 reducta
860 1311 1074 1376 Pallas
1120 1312 1400 1375 excussit
1446 1334 1659 1395 manu,

265 1401 517 1465 imitata
563 1403 828 1483 patrem.
921 1400 1155 1465 transit
1201 1398 1462 1464 Aiacem
1510 1405 1573 1465 et
1617 1405 1820 1465 ratem

263 1490 548 1573 ratisque
594 1493 844 1572 partem
891 1509 1107 1553 secum
1154 1493 1219 1552 et
1261 1485 1526 1553 Aiacem
1572 1490 1739 1553 tulit.

263 1579 359 1643 nil
404 1578 515 1642 ille
561 1582 805 1662 motus,
849 1578 1047 1641 ardua
1092 1582 1166 1642 ut
1213 1581 1458 1660 cautes,
1504 1578 1639 1642 salo

265 1668 599 1731 ambustus
646 1670 850 1749 extat,
897 1666 1140 1730 dirimit
1184 1665 1481 1729 insanum
1528 1688 1702 1730 mare
2194 1680 2296 1728 540

264 1756 625 1837 fluctusque
670 1755 916 1838 rumpit
960 1758 1218 1837 pectore
1265 1759 1329 1818 et
1374 1777 1602 1819 navem
1650 1776 1844 1818 manu

266 1845 638 1926 complexus
685 1844 867 1928 ignes
912 1844 1111 1908 traxit
1157 1847 1221 1907 et
1261 1863 1450 1907 caeco
1497 1843 1658 1906 mari

268 1932 562 1997 conlucet
607 1929 803 2014 Aiax,
850 1953 1039 1996 omne
1083 1931 1447 2014 resplendet
1490 1931 1744 1996 fretum.

262 2021 523 2086 tandem
572 2024 881 2104 occupata
925 2042 1085 2105 rupe
1128 2020 1545 2085 furibundum
1591 2021 1871 2085 intonat:

269 2111 622 2193 ‘superasse
669 2113 924 2194 cuncta,
970 2109 1236 2195 pelagus
1284 2113 1477 2192 atque
1523 2111 1704 2195 ignes
1750 2110 1946 2192 iuvat,
2190 2123 2292 2173 546

265 2199 493 2263 vicisse
541 2198 787 2263 caelum
833 2197 1162 2262 Palladem
1207 2197 1456 2262 fulmen
1501 2221 1690 2262 mare.

262 2309 396 2350 non
441 2309 544 2353 me
588 2287 839 2372 fugavit
883 2287 1098 2350 bellici
1142 2290 1351 2351 terror
1396 2287 1497 2351 dei

265 2375 361 2458 [et
405 2374 751 2440 Hectorem
797 2397 927 2438 una
974 2376 1149 2438 solus
1196 2380 1260 2439 et
1304 2375 1577 2439 Martem
1624 2375 1776 2459 tuli]

264 2462 565 2528 Phoebea
610 2484 729 2528 nec
774 2486 876 2527 me
921 2465 1052 2528 tela
1098 2464 1485 2547 pepulerunt
1530 2465 1759 2548 gradu:

265 2573 410 2616 cum
456 2551 821 2637 Phrygibus
866 2553 1028 2616 istos
1072 2552 1345 2616 vicimus
1382 2588 1471 2600 —
1505 2556 1652 2616 tene
1699 2552 2036 2617 horream?
2191 2567 2295 2615 550

263 2641 473 2705 aliena
518 2641 710 2705 inerti
754 2640 886 2705 tela
931 2641 1137 2705 mittis
1185 2641 1460 2704 dextera.

264 2729 422 2813 quid
467 2730 521 2794 si
568 2730 705 2813 ipse
752 2730 1045 2794 mittat?’
1094 2729 1280 2813 plura
1325 2751 1473 2793 cum
1519 2729 1780 2793 auderet
1823 2729 2069 2811 furens,

407 2926 512 2974 526
549 2921 724 2975 troias
752 2920 915 2975 uehit
950 2927 993 2973 Ε
1022 2927 1151 2989 post
1186 2920 1383 2974 classis
1420 2927 1555 2975 recte
1592 2921 1849 2974 distinxit
1886 2921 2085 2975 Badera
2119 2919 2292 2974 Troas

263 2991 432 3045 simul
470 2997 517 3045 A
549 2994 569 3061 ΙΙ
608 2997 712 3044 529
750 2994 850 3045 aut
887 3009 942 3046 ω
979 3008 1115 3046 corr.
1156 2992 1240 3046 M.
1274 2992 1485 3045 Mizller
1514 3009 1571 3060 p.
1602 2995 1674 3045 39
1707 2993 1714 3059 Ι
1749 2992 1874 3044 asta
1908 2997 1950 3043 E
1992 2994 2011 3061 ΙΙ
2053 2996 2157 3044 580
2194 2994 2294 3045 aut

263 3078 385 3132 aeg.
417 3065 518 3116 aut
544 3063 731 3117 furore
769 3080 824 3117 ω
860 3079 998 3118 corr.
1029 3063 1114 3116 Μ.
1147 3063 1360 3118 Μᾱῑῑεν
1396 3063 1528 3116 ibid.
1572 3066 1591 3131 Η
1632 3068 1727 3115 531
1766 3064 1865 3115 aut
1892 3062 2025 3131 igne
2062 3079 2117 3116 ω
2155 3079 2290 3117 corr.

267 3134 494 3189 Richter
531 3136 622 3201 (en
659 3133 695 3186 i.
736 3134 822 3187 Μ.
854 3132 1086 3203 Μᾱῑῑεν)
1140 3135 1160 3202 fl
1215 3138 1319 3186 534
1356 3134 1517 3186 tenso
1554 3138 1600 3184 A
1642 3135 1649 3201 Ι
1690 3132 2018 3202 perstrinxit
2054 3151 2109 3186 ω
2156 3150 2290 3187 corr.

262 3205 486 3259 Richter
519 3206 688 3274 symb.
727 3221 780 3272 p.
811 3209 880 3258 14
897 3221 973 3274 sq.
1002 3207 1152 3273 11588
1201 3207 1260 3258 et
1295 3204 1488 3257 Aiacis
1525 3208 1570 3255 A
1609 3206 1666 3257 et
1701 3204 1884 3274 magis
1920 3210 1963 3256 E
2009 3220 2145 3259 corr.
2183 3214 2239 3269 ψ
2275 3206 2293 3272 ΙΙ

262 3278 368 3327 542
407 3291 450 3328 3.
490 3274 551 3328 in
590 3291 648 3328 se
683 3275 860 3328 traxit
886 3292 941 3329 ω
979 3291 1116 3331 corr.
1151 3275 1391 3346 Madviy
1427 3275 1549 3329 adv.
1578 3276 1783 3329 11125
1811 3278 1830 3344 ΙΙ
1859 3280 1960 3327 545
2001 3290 2293 3343 superasse

260 3362 409 3399 nunc
454 3346 564 3414 pel.
610 3352 653 3398 Ε
707 3363 747 3401 s.
786 3362 936 3399 nunc
973 3362 1032 3400 se
1059 3346 1168 3415 pel.
1209 3350 1254 3397 A
1310 3363 1430 3414 sup.
1479 3346 1623 3398 iuvit
1674 3347 1739 3400 ci.
1778 3346 1894 3400 Leo
1947 3346 2294 3400 distinctione

259 3423 388 3471 ante
440 3417 599 3471 iuvat
650 3417 830 3484 facta,
904 3435 944 3470 s.
1012 3418 1141 3470 novi
1205 3418 1269 3471 de
1334 3418 1724 3483 Wilamowitz,
1789 3434 1924 3471 corr.
1991 3417 2214 3472 Richter
2276 3418 2293 3485 ΙΙ

262 3491 364 3540 548
412 3488 513 3542 del.
562 3487 676 3542 Leo
719 3487 792 3555 cf.
830 3489 867 3541 1
900 3492 1013 3543 209
1066 3490 1085 3556 ΙΙ
1140 3493 1244 3540 550
1298 3487 1529 3541 tandem
1565 3487 1821 3542 horream
1873 3492 1918 3539 A
1972 3490 1989 3556 ΙΙ
2046 3492 2142 3540 551
2177 3485 2293 3541 tela

258 3558 414 3612 mitti
470 3558 700 3612 dextera
756 3564 801 3611 A
847 3576 982 3614 corr.
1031 3559 1262 3628 Lipsius
1313 3556 1431 3612 tela
1476 3558 1815 3627 pepulerunt
1869 3559 2050 3629 gradu
2103 3564 2146 3610 Ε
2204 3562 2295 3626 (ex

259 3646 305 3682 v.
338 3632 471 3698 549)
1671 3632 1674 3636 '
1746 3642 1750 3645 “
