2658 4117
883 246 1261 301 HERCVLES
1298 247 1679 321 [OETAEvs]
2169 254 2295 318 341

279 410 449 453 nunc
495 396 879 477 congeratur
922 393 1096 456 virus
1143 397 1208 456 et
1252 394 1449 458 vestis
1495 394 1677 457 bibat
2196 413 2300 461 565

275 476 593 543 Herculea
637 484 909 564 pestem3
956 482 1251 564 precibus
1299 483 1548 567 augebo
1597 477 1881 547 malum„

276 567 344 629 in
388 571 678 651 tempore
725 570 867 653 ipso
913 591 1115 634 navus
1163 571 1443 634 occurrit
1487 570 1746 637 Lichas:

276 656 540 719 celanda
584 657 682 720 vis
729 662 828 722 est
873 658 1037 740 dira,
1081 681 1162 722 ne
1208 663 1471 740 pateant
1518 659 1666 723 doli.

275 761 414 808 DEI.
462 742 516 807 O
565 746 737 828 quod
783 747 1095 829 superbae
1140 768 1273 810 non
1316 747 1559 812 habent
1603 770 1909 831 umquam
1958 749 2213 833 domus,

273 832 461 896 fidele
509 856 761 917 semper
802 836 1062 920 regibus
1109 857 1347 899 nomen
1391 835 1620 918 Licha,
2195 855 2299 903 570

273 941 429 1004 cape
473 923 593 986 hos
640 924 940 1006 amictus,
986 929 1206 988 nostra
1252 946 1414 1007 quos
1460 926 1638 988 nevit
1681 948 1936 1009 manus,

273 1010 425 1073 dum
472 1033 674 1096 vagus
722 1012 790 1075 in
837 1013 990 1077 orbe
1035 1013 1240 1076 fertur
1285 1017 1350 1077 et
1395 1014 1603 1077 victus
1650 1035 1826 1077 mero

271 1102 448 1162 tenet
491 1100 692 1164 feroci
737 1099 1008 1184 Lydiam
1054 1102 1298 1187 gremio
1345 1124 1607 1185 nurum,

275 1187 427 1251 dum
475 1189 686 1270 poscit
730 1187 936 1274 Iolen3
988 1191 1098 1254 sed
1143 1190 1319 1254 iecur
1363 1189 1497 1254 fors
1543 1190 1873 1255 horridum

272 1276 528 1341 flectam
575 1278 903 1342 merendo:
950 1280 1178 1342 merita
1222 1280 1515 1343 vicerunt
1559 1280 1780 1343 malos.
2194 1294 2297 1343 575

269 1387 404 1429 non
450 1369 597 1430 ante
645 1368 926 1431 coniunx
973 1368 1198 1431 induat
1241 1372 1450 1432 vestes
1497 1368 1646 1431 iube

271 1475 465 1537 quam
511 1459 653 1519 ture
699 1455 991 1519 flammas
1037 1460 1259 1539 pascat
1305 1461 1369 1520 et
1415 1457 1627 1538 placet
1673 1455 1853 1539 deos,

220 1578 233 1586 =
270 1563 430 1607 cana
473 1544 788 1629 rigentem
837 1545 1080 1627 populo
1130 1545 1377 1608 cinctus
1426 1565 1692 1608 comam.

268 1633 412 1714 ipsa
457 1633 526 1695 in
570 1636 833 1715 penates
878 1633 1090 1717 regios
1139 1653 1394 1716 gressus
1441 1632 1640 1695 feram

268 1721 693 1803 precibusque
728 1719 988 1801 Amoris
1034 1719 1279 1783 horridi
1324 1724 1594 1784 matrem
1643 1720 1866 1784 colam.
2191 1733 2297 1784 580

270 1829 416 1890 vos,
463 1830 620 1891 quas
667 1809 950 1892 paternis
999 1808 1202 1872 extuli
1249 1809 1517 1872 comites
1563 1809 1753 1890 focis,

272 1893 662 1980 Calydoniae
707 1899 924 1983 lugete
972 1896 1326 1960 deflendam
1374 1897 1597 1960 vicem.

1036 2160 1051 2168 ,
1108 2106 1454 2172 CHORVS

722 2232 981 2298 Flemus
1029 2254 1240 2314 casus,
1288 2231 1513 2314 Oenei,
1558 2236 1704 2295 tuos

590 2323 901 2386 comitum
948 2323 1191 2405 primos
1235 2321 1428 2384 turba
1472 2342 1586 2403 per
1631 2341 1859 2403 annos,
1948 2370 1961 2380 .

589 2412 817 2475 flemus
865 2410 1122 2494 dubios,
1167 2408 1551 2491 veneranda,
1595 2413 1789 2472 toros,
2189 2421 2293 2472 585

590 2521 708 2564 nos
746 2498 1020 2564 Acheloi
1064 2503 1279 2563 tecum
1328 2498 1554 2561 solitae

589 2590 845 2671 pulsare
891 2588 1152 2670 vadum,
1199 2608 1392 2670 quom
1442 2586 1570 2648 iam
1617 2585 1895 2649 tumidas

590 2699 737 2740 vere
784 2680 1044 2760 peracto
1091 2679 1358 2759 poneret
1403 2674 1606 2738 undas

415 2892 516 2939 565
556 2887 927 2955 congregetur
962 2902 1013 2938 u.
1044 2887 1110 2937 ut
1140 2888 1185 2934 A
1212 2887 1230 2952 ss
1259 2888 1362 2935 567
1400 2899 1578 2935 nouus
1607 2887 1649 2933 E
1688 2897 1906 2950 gnanus
1934 2885 1979 2931 A
2007 2883 2025 2949 ΙΙ
2054 2885 2156 2932 568
2194 2895 2298 2948 pa-

270 2958 394 3009 teat
427 2962 471 3007 1³.
508 2974 643 3012 corr.
682 2969 740 3022 ψ
786 2956 890 3009 illa
925 2972 995 3008 ne
1031 2956 1268 3024 pateant
1303 2953 1457 3006 mala
1493 2958 1539 3005 A
1601 2955 1618 3021 ΙΙ
1683 2957 1788 3004 572
1827 2951 2018 3004 orbem
2054 2967 2110 3004 ω
2159 2966 2295 3005 corr.

271 3029 345 3081 N.
386 3027 655 3081 Heinsius
690 3045 745 3095 p.
784 3032 893 3080 449
955 3030 973 3095 ΙΙ
1038 3030 1143 3078 574
1178 3042 1326 3077 nunc
1364 3041 1512 3093 posc.
1554 3028 1600 3075 A
1631 3026 1638 3092 Ι
1671 3022 1860 3075 forsan
1897 3027 1940 3073 E
1983 3022 2050 3087 cf.
2092 3021 2302 3074 Melzer

261 3115 320 3166 p.
354 3101 424 3151 34
469 3101 487 3167 ΙΙ
533 3103 635 3150 575
673 3099 710 3151 f.
743 3097 1051 3151 emerendo,
1110 3114 1181 3149 m.
1213 3095 1445 3149 vincunt
1480 3097 1538 3148 et
1573 3112 1645 3147 m.
1675 3098 1720 3144 A
1760 3095 1779 3161 ΙΙ
1822 3098 1925 3145 576
1961 3093 2142 3145 vestes
2179 3091 2294 3143 ind.

277 3168 518 3221 coniunx
553 3174 599 3221 A
625 3171 643 3237 ss
673 3173 774 3221 577
813 3167 864 3221 fl.
897 3170 1129 3236 spargat
1165 3169 1223 3219 et
1259 3167 1458 3234 poscat
1495 3165 1628 3218 deos
1664 3168 1709 3214 A
1745 3165 1763 3232 ΙΙ
1805 3167 1908 3214 578
1945 3162 2165 3215 vinctus
2201 3166 2246 3212 A
2281 3160 2301 3231 Η

271 3244 377 3293 579
415 3239 488 3293 ad
512 3255 649 3309 pen.
680 3244 726 3291 A
754 3242 772 3308 ΙΙ
808 3244 905 3291 581
942 3237 1158 3307 expulit
1193 3243 1237 3288 Β.
1265 3240 1285 3305 ΙΙ
1326 3241 1432 3288 582
1469 3234 1668 3287 deflete
1704 3233 1978 3302 lugendas
2015 3232 2163 3285 vices
2200 3236 2246 3283 A
2282 3234 2300 3301 ΙΙ

273 3316 557 3364 583-705
596 3311 815 3364 dimetri
849 3326 905 3363 ω
951 3309 1069 3362 ‘nisi-
1108 3309 1253 3377 quod
1290 3311 1394 3360 608
1432 3305 1579 3375 (fort.
1618 3305 1752 3373 ruit)
1800 3310 1849 3358 et
1886 3309 2017 3356 690⁸
2052 3305 2301 3372 (nomina

270 3385 349 3450 p.)
393 3383 476 3436 vel
520 3386 618 3434 691
669 3384 760 3450 (m.
808 3380 985 3433 ruinis
1031 3380 1110 3433 sic
1153 3382 1217 3448 B.)
1265 3378 1599 3442 monometri,
1643 3383 1692 3430 et
1742 3378 2041 3428 623—625
2087 3372 2303 3428 duobus

269 3453 529 3507 tamem-s
572 3453 825 3520 discripti
858 3458 988 3506 sum
1023 3455 1066 3502 E
1130 3452 1149 3518 ΙΙ
1212 3454 1314 3502 588
1354 3463 1525 3501 oenee
1561 3452 1604 3498 Β
1668 3449 1687 3516 n
1756 3450 1860 3497 584
1896 3443 2216 3498 miseranda
2253 3449 2299 3496 A

271 3522 588 3576 uenerande
625 3528 668 3574 Β
706 3539 841 3578 corr.
887 3522 1106 3577 Gronov
1141 3523 1160 3588 Η
1202 3525 1302 3572 587
1352 3536 1525 3586 quum
1572 3523 1615 3569 E
1663 3534 1787 3570 cum
1835 3521 1881 3568 A
1926 3532 2060 3571 corr.
2101 3516 2313 3582 Peiper

272 3594 364 3662 (ef.
389 3598 508 3646 596.
531 3599 649 3647 607.
672 3596 789 3663 610)
817 3596 836 3663 ΙΙ
864 3598 966 3645 588
1005 3608 1105 3646 om.
1146 3597 1195 3645 et
1231 3592 1266 3643 i.
1296 3608 1399 3660 my.
1431 3589 1558 3643 add.
1590 3589 1660 3640 13¹
1693 3591 1700 3656 Ι
1731 3589 1989 3656 peractos
2026 3591 2069 3638 E
