2658 4117
395 234 535 298 ,106
1041 233 1099 287 L.
1130 232 1412 286 ANNAEI
1449 232 1771 288 SENECAE

404 379 671 443 inclinat
716 380 965 443 animus
1012 400 1263 462 semper
1306 378 1563 443 infirmo
1608 378 1859 444 favens:
2314 398 2419 448 385

388 468 672 540 ,miseros
719 468 924 553 magis
969 467 1229 532 fortuna
1274 468 1585 537 conciliat
1619 468 1767 532 suis.

404 573 552 621 SAT.
596 556 871 642 Regina,
924 556 1075 620 dum
1121 560 1194 620 tu
1238 555 1484 620 flebiles
1531 561 1791 640 questus
1839 558 1966 623 cies

404 646 684 747 terisque
731 649 1011 746 tempus,
1057 667 1244 710 saeva
1286 644 1545 709 nudatis
1590 645 1768 710 adest

401 735 569 799 acies
614 735 684 797 in
729 735 948 818 armis3
993 756 1140 797 aera
1184 734 1311 798 iam
1359 734 1601 798 bellum
1646 735 1817 799 cient

401 824 740 906 aquilaque
786 845 1070 909 pugnam
1117 823 1384 908 signifer
1428 827 1604 887 mota
1648 827 1852 888 vocat.
2313 842 2417 891 390

400 916 664 995 septena
706 933 887 997 reges
934 912 1105 976 bella
1149 912 1443 995 dispositi
1488 917 1743 996 parant,

401 1001 615 1064 animo
662 1002 801 1085 pari
849 998 1123 1065 Cadmea
1168 1001 1504 1086 progenies
1551 1001 1751 1084 subit,

400 1111 589 1154 cursu
635 1090 831 1154 citato
878 1090 1062 1153 miles
1107 1089 1259 1153 hinc
1303 1093 1496 1173 atque
1540 1088 1694 1154 hinc
1736 1090 1881 1154 ruit.

399 1179 543 1242 vide
589 1182 663 1242 ut
707 1182 845 1243 atra
886 1178 1089 1242 nubes
1135 1179 1397 1262 pulvere
1443 1178 1793 1243 abscondat
1838 1178 2004 1243 diem

397 1267 705 1350 fumoque
750 1268 990 1332 similes
1037 1287 1299 1351 campus
1346 1267 1415 1330 in
1461 1268 1707 1341 caelum
1754 1268 1957 1353 erigat
2220 1306 2249 1321 ω
2307 1284 2412 1334 395

398 1356 690 1440 nebulas,
737 1356 1016 1441 equestri
1060 1355 1263 1419 fracta
1308 1377 1466 1439 quas
1511 1357 1703 1420 tellus
1749 1358 1909 1440 pede

401 1445 748 1509 summittIt
792 1449 883 1527 et,
928 1445 983 1509 si
1027 1467 1176 1508 vera
1219 1448 1575 1509 metuentes
1620 1445 1868 1528 vident,

400 1534 634 1598 infesta
676 1535 929 1619 fulgent
974 1534 1181 1619 signa,
1228 1534 1538 1597 subrectis
1586 1534 1765 1599 adest

396 1622 574 1687 frons
620 1623 827 1707 prima
870 1623 1043 1706 telis,
1088 1643 1278 1685 aurea
1323 1623 1565 1687 clarum
1609 1627 1766 1687 nota

396 1733 632 1775 nomen
678 1711 911 1775 ducum
955 1711 1191 1776 vexilla
1235 1712 1698 1795 praescriptum
1742 1712 1973 1776 ferunt.
2308 1728 2412 1778 400

397 1800 447 1882 i,
491 1800 681 1864 redde
728 1822 1008 1865 amorem
1054 1800 1387 1884 fratribus,
1433 1821 1656 1884 pacem
1704 1801 2030 1883 omnibus,

397 1894 461 1953 et
506 1889 706 1974 impia
751 1912 927 1953 arma
972 1890 1193 1953 matris
1241 1890 1543 1973 oppositu
1588 1890 1844 1973 impedi.

722 2082 1179 2150 ANTIGONA
1250 2077 1620 2150 IOOASTA
1691 2082 2081 2151 NVNTIVS

527 2208 755 2294 Perge,
802 2230 840 2272 o
888 2231 1142 2292 parens,
1188 2213 1253 2273 et
1297 2210 1549 2274 concita
1594 2211 1860 2274 celerem
1908 2210 2203 2295 gradum,

395 2318 726 2381 compesce
770 2298 927 2380 tela,
971 2297 1275 2362 fratribus
1320 2299 1559 2363 ferrum
1607 2303 1858 2382 excute,

393 2385 637 2451 nudum
683 2387 849 2450 inter
893 2408 1073 2450 enses
1118 2391 1341 2470 pectus
1386 2388 1653 2452 infestos
1698 2392 1870 2452 tene:
2303 2403 2410 2453 405

393 2479 507 2539 aut
551 2475 727 2539 solve
772 2475 1042 2558 bellum,
1086 2480 1304 2558 mater,
1353 2481 1466 2541 aut
1510 2478 1718 2561 prima
1763 2477 2000 2559 excipe.

395 2581 529 2628 loc.
576 2561 693 2628 Ibo
740 2564 848 2628 ibo
896 2569 961 2629 et
1007 2565 1199 2629 armis
1246 2564 1508 2629 obvium
1556 2586 1876 2649 opponam
1923 2569 2143 2648 caput,

395 2653 577 2718 stabo
622 2653 791 2717 inter
836 2675 1038 2737 arma3
1083 2658 1298 2737 petere
1346 2654 1459 2737 qui
1502 2653 1765 2718 fratrem
1810 2654 2010 2736 volet,

393 2746 571 2826 petat
615 2745 762 2807 ante
807 2746 1093 2807 matrem.
1183 2744 1338 2825 tela,
1386 2742 1498 2826 qui
1540 2743 1736 2807 fuerit
1780 2742 1950 2826 pius,

391 2835 659 2916 rogante
703 2836 903 2914 ponat
947 2835 1176 2915 matre3
1223 2832 1334 2915 qui
1379 2853 1512 2895 non
1557 2836 1654 2896 est
1697 2831 1844 2915 pius
2300 2847 2409 2897 410

392 2920 660 3003 incipiat
703 2943 742 2983 a
777 2942 905 2984 me.
994 2920 1273 2985 fervidos
1320 2921 1579 2984 iuvenes
1627 2942 1785 2984 anus

391 3009 651 3091 tenebo,
695 3009 946 3073 nullum
992 3013 1153 3073 teste
1197 3031 1301 3073 me
1347 3009 1460 3073 fiet
1502 3009 1708 3092 nefas3

535 3152 637 3200 387
669 3163 777 3216 pro
803 3148 1031 3203 satellite
1059 3146 1304 3201 Nuntius
1323 3164 1439 3216 per
1453 3154 1621 3202 totam
1647 3164 1898 3203 scaenam
1925 3152 1970 3199 A
1995 3149 2015 3216 ΙΙ
2042 3152 2146 3200 388
2175 3148 2335 3202 salua.
2361 3155 2406 3202 Ε

390 3236 528 3273 corr.
566 3218 785 3274 Gronov
829 3222 952 3273 tota
988 3224 1033 3271 A
1065 3220 1073 3286 Ι
1105 3219 1333 3273 nudatis
1371 3219 1530 3273 stetit
1565 3224 1610 3271 A
1663 3222 1682 3286 ΙΙ
1736 3223 1839 3271 394
1876 3218 2008 3273 uide
2044 3221 2109 3272 ut
2145 3224 2190 3271 A
2234 3218 2408 3273 uiden
2491 3273 2499 3281 ,

390 3291 456 3342 ut
483 3295 525 3341 Ε
562 3289 769 3344 uiden?
798 3291 1125 3345 Lachmann
1152 3291 1227 3345 ad
1252 3292 1420 3345 Lacr
1443 3307 1502 3359 p
1520 3294 1626 3345 194
1657 3292 1666 3359 Ι
1700 3289 1995 3344 abscondit
2020 3294 2119 3343 EA
2146 3307 2282 3346 corr.
2304 3303 2360 3357 ψ
2387 3291 2409 3363 fl

393 3365 494 3412 395
532 3360 716 3430 erigat
750 3379 806 3416 ω
851 3361 920 3427 cf.
959 3362 1010 3415 T
1003 3377 1079 3416 ro
1110 3365 1218 3417 945
1255 3362 1324 3415 Η
1336 3384 1376 3416 ιι
1398 3365 1544 3416 1207
1596 3363 1615 3430 ΙΙ
1669 3365 1771 3413 403
1809 3362 2165 3416 continuatur
2209 3379 2408 3417 scaena

391 3447 490 3484 om.
522 3432 834 3503 Antigonae
866 3439 1000 3487 nota
1035 3439 1162 3487 ante
1195 3451 1241 3487 v.
1273 3436 1381 3487 403
1408 3439 1450 3485 E
1483 3435 1491 3501 Ι
1524 3447 1694 3502 perge
1732 3449 1764 3486 o
1800 3450 1854 3502 p.
1884 3448 2055 3502 perge
2092 3434 2150 3486 et
2185 3434 2409 3487 concita.

392 3519 437 3555 c.
468 3519 548 3571 gr
578 3508 621 3554 E
666 3520 720 3572 p
758 3518 789 3555 o
825 3520 879 3572 p
909 3518 1080 3572 perge
1117 3506 1175 3558 et
1212 3503 1325 3557 cita
1355 3504 1483 3558 Leo.
1539 3504 1609 3570 cf.
1641 3505 1744 3573 Ay
1776 3507 1883 3558 913
1909 3506 1927 3572 ΙΙ
1956 3509 2060 3556 409
2096 3503 2281 3558 fuerat
2316 3507 2408 3575 Eu

392 3595 489 3642 410
526 3607 624 3645 om.
654 3597 696 3643 Ε
741 3592 1050 3646 rubricator
1083 3593 1146 3645 in
1181 3609 1283 3663 my.
1322 3593 1615 3660 adscripsit
1650 3581 1700 3644 R
