2658 4117
377 244 508 308 302
1022 244 1081 296 L.
1113 243 1397 297 ANNAEI
1435 242 1762 299 SENECAE

991 440 1385 507 NVNTIVS
1461 440 1807 506 CHORVS

512 565 668 642 Quis
714 588 818 630 me
863 585 979 650 per
1024 589 1208 630 auras
1255 567 1449 631 turbo
1495 568 1914 650 praecipitem
1959 568 2151 633 vehet

376 660 642 739 atraque
685 656 858 720 nube
904 655 1215 738 involvet,
1260 660 1336 720 ut
1380 659 1634 719 tantum
1679 656 1858 719 nefas

376 744 1907 917 gtipllgiltglzdssipdlidgndisslmugnlggloguiffiuzffllffas
1952 834 2149 900 novi?
2308 763 2413 812 625

373 938 585 986 NVNT.
633 920 958 997 Quaenam
996 923 1121 986 ista
1155 924 1335 1008 regio
1375 923 1514 986 est?
1560 919 1771 1006 Argos
1811 927 1875 987 et
1913 920 2169 1006 Sparte,
2205 926 2349 1007 pios

379 1012 608 1074 sortita
651 1011 910 1093 fratres,
957 1015 1021 1075 et
1067 1012 1261 1075 maris
1309 1011 1552 1096 gemini
1597 1031 1894 1094 premens

374 1099 593 1164 fauces
641 1098 1013 1183 Corinthos,
1057 1122 1141 1163 an
1184 1100 1338 1163 feris
1385 1097 1609 1164 Hister
1651 1100 1876 1185 fugam

374 1188 687 1272 praebens
733 1186 988 1270 Alanis,
1032 1210 1116 1251 an
1162 1189 1281 1252 sub
1328 1193 1587 1252 aeterna
1631 1189 1780 1251 nive
2306 1207 2414 1255 630

374 1274 678 1359 Hyrcana
722 1277 915 1340 tellus
962 1298 1046 1340 an
1089 1278 1238 1361 vagi
1284 1278 1526 1359 passim
1574 1274 1896 1360 Scythae?

377 1366 520 1448 quis
567 1365 675 1428 hic
718 1364 979 1428 nefandi
1025 1369 1123 1428 est
1169 1366 1480 1429 conscius·
1510 1366 1785 1430 monstri
1829 1364 2054 1430 locus?

379 1470 582 1517 OHOR.
629 1452 946 1517 Effare‘et
983 1454 1157 1517 istud
1192 1454 1421 1537 pande,
1457 1453 1909 1537 quodcumque
1945 1458 2065 1537 est,
2098 1454 2358 1520 malum.

373 1559 584 1606 NVNT.
634 1541 705 1606 Si
751 1543 1000 1606 steterit
1045 1542 1326 1625 animus,
1372 1544 1428 1606 si
1473 1546 1650 1606 metu
1698 1564 1930 1627 corpus
1976 1544 2190 1628 rigens

373 1631 660 1695 remittet
705 1634 898 1695 artus.
989 1630 1210 1696 haeret
1255 1632 1324 1695 in
1369 1632 1554 1695 vultu
1601 1633 1799 1696 trucis
2306 1649 2411 1699 635

376 1722 592 1805 imago
638 1720 811 1784 facti.
901 1720 1066 1784 ferte
1110 1742 1214 1785 me
1260 1721 1522 1784 insanae
1566 1721 1823 1803 procul,

373 1807 518 1890 1110,
563 1810 911 1892 procellae,
954 1809 1118 1873 ferte
1164 1830 1292 1892 quo
1339 1810 1544 1873 fertur
1590 1809 1723 1873 dies

371 1895 526 1960 hinc
569 1901 811 1979 raptus,
905 1913 1110 1961 CHOR.
1155 1896 1431 1962 Animos
1478 1898 1736 1982 gravius
1782 1898 2059 1962 incertos
2106 1902 2304 1963 tenes.

375 1985 529 2068 quid
576 1986 661 2049 sit
708 1986 881 2069 quod
925 1985 1147 2050 horres
1195 1987 1310 2050 ede
1358 1991 1422 2050 et
1468 1989 1795 2050 auctorem
1841 1987 2077 2051 indica:

372 2095 506 2137 11011
553 2096 788 2157 quaero
838 2077 981 2158 quis
1029 2077 1142 2157 sit,
1185 2076 1296 2139 sed
1340 2080 1501 2140 uter.
1592 2075 1784 2139 effare
1832 2077 2028 2140 ocius.
2298 2093 2405 2140 640

372 2179 581 2226 NVNT.
628 2161 705 2226 In
750 2184 893 2227 arce
941 2185 1191 2228 summa
1234 2163 1539 2248 Pelopiae
1584 2186 1732 2248 pars
1779 2168 1877 2229 est
1924 2164 2151 2229 domus

373 2272 678 2315 conversa
724 2252 805 2315 ad
851 2256 1127 2336 austros,
1177 2254 1357 2316 cuius
1405 2256 1764 2318 extremum
1809 2253 1979 2317 latus

372 2341 638 2422 aequale
683 2341 891 2404 monti
939 2342 1166 2405 crescit
1211 2345 1406 2425 atque
1451 2342 1674 2405 urbem
1722 2343 1957 2424 premit

372 2431 437 2493 et
485 2432 926 2493 contumacem
972 2430 1233 2515 regibus
1279 2429 1596 2514 populum
1643 2432 1775 2494 suis

373 2517 572 2581 habet
618 2518 736 2581 sub
785 2519 944 2603 ictu3
989 2518 1197 2603 fulget
1242 2518 1352 2582 hic
1396 2519 1624 2582 turbae
1670 2539 1873 2602 capax
2302 2535 2407 2583 645

370 2607 650 2670 immane
696 2610 966 2690 tectum,
1014 2609 1195 2671 cuius
1242 2611 1497 2671 auratas
1542 2607 1755 2672 trabes

370 2696 563 2759 variis
611 2695 945 2760 columnae
990 2696 1241 2760 nobiles
1288 2696 1558 2760 maculis
1603 2696 1835 2759 ferunt.

370 2788 521 2866 post
566 2785 689 2847 ista
733 2786 931 2869 vulgo
977 2787 1161 2867 nota,
1207 2807 1371 2868 quae
1416 2785 1645 2868 populi
1690 2785 1941 2866 colunt,

371 2874 441 2936 in
484 2873 690 2936 multa
737 2874 912 2938 dives
960 2874 1169 2956 spatia
1215 2874 1485 2938 discedit
1531 2874 1785 2958 domus3

370 2982 601 3025 arcana
648 2963 716 3024 in
762 2963 892 3026 imo
938 2962 1118 3046 regio
1167 2983 1420 3027 secessu
1466 2964 1658 3045 iacet,
2301 2977 2406 3026 650

370 3049 502 3113 3113
546 3054 872 3114 vetustum
918 3051 1084 3114 valle
1132 3071 1542 3135 compescens
1589 3072 1844 3133 nemus,

370 3137 697 3222 penetrale
740 3139 950 3224 regni,
995 3138 1175 3203 nulla
1222 3160 1348 3221 qua
1392 3141 1598 3204 laetos
1645 3140 1810 3203 solet

514 3317 618 3366 623
665 3316 820 3366 1111111.
843 3313 1038 3380 praef.
1077 3320 1120 3365 Ε
1172 3314 1181 3381 Ι
1229 3312 1392 3366 1101111
1427 3319 1470 3365 Ε
1525 3317 1544 3382 u
1598 3317 1704 3366 624
1750 3311 1995 3366 inuoluit
2030 3317 2074 3363 E
2128 3309 2324 3365 11011101
2359 3316 2407 3363 A

369 3399 504 3437 corr.
537 3402 579 3436 α
608 3385 626 3452 ΙΙ
654 3389 757 3437 627
796 3384 999 3452 impios
1038 3388 1084 3435 A
1109 3386 1128 3452 11
1156 3388 1261 3437 629
1300 3383 1599 3437 Corinthus
1635 3388 1708 3435 At
1742 3385 1761 3452 ΙΙ
1788 3388 1895 3436 632
1932 3383 2091 3438 choro
2119 3382 2288 3436 datur
2315 3386 2361 3433 A
2387 3384 2407 3452 fl

371 3459 475 3507 639
514 3454 616 3506 ede
654 3456 733 3525 01]
774 3453 910 3508 effer
946 3459 992 3505 A
1035 3457 1054 3523 Η
1099 3459 1204 3508 640
1242 3471 1451 3523 quaero
1490 3471 1588 3509 om.
1628 3459 1700 3506 A'c
1741 3458 1748 3524 1
1790 3454 1928 3522 quid
1965 3459 2008 3517 Ε
2054 3455 2073 3522 ΙΙ
2119 3457 2216 3506 641
2251 3452 2406 3521 pelo‘-

370 3523 458 3591 pis
478 3527 524 3574 A
550 3524 859 3592 pelopaeae
877 3531 920 3577 E
950 3542 1085 3578 corr.
1108 3526 1282 3579 Bothe
1309 3528 1327 3594 ΙΙ
1357 3531 1462 3579 650
1492 3542 1597 3579 sec.
1627 3527 1789 3594 patet
1816 3530 1862 3577 A
1888 3525 2033 3578 latet
2050 3527 2115 3579 ci.
2138 3523 2367 3578 Richter
2386 3525 2405 3593 ss

374 3597 479 3645 652
517 3608 661 3658 quae
697 3599 797 3645 EA
833 3612 969 3648 corr.
1008 3607 1064 3660 ψ
