2658 4117
1015 262 1467 318 PHOENISSAE
2123 263 2244 326 101

235 413 301 473 et
345 408 561 493 ingeni
611 407 887 472 sollertis
934 408 1239 472 eximium
1286 409 1476 472 decus

150 506 165 529 ‘
240 499 513 581 periere,
560 502 788 561 cuncta
834 518 971 560 sors
1018 497 1179 561 mihi
1225 497 1460 561 infesta
1504 496 1796 561 abstulit:
1876 519 1878 521 ’

237 587 540 651 lacrimae
588 588 983 669 supererant:
1029 584 1146 649 has
1192 607 1448 669 quoque
1495 585 1703 669 eripui
1746 585 1924 649 mihi.
2153 602 2257 650 240

238 675 492 739 absiste.
581 674 793 739 nullas
840 674 1089 738 animus
1136 674 1424 740 admittit
1468 695 1684 757 preces

237 780 599 847 novamque
642 785 915 847 poenam
964 762 1308 827 sceleribus
1356 764 1606 846 quaerit
1649 784 1887 847 parem.

240 857 305 917 et
351 874 486 916 esse
530 875 646 936 par
693 873 852 935 quae
899 853 1181 936 poterit?
1227 851 1460 916 infanti
1506 873 1760 935 quoque

240 942 494 1007 decreta
537 963 711 1004 mors
758 944 872 1005 est.
917 979 1006 986 —
1050 941 1185 1004 fata
1231 941 1375 1023 quis
1422 944 1555 1004 tam
1600 940 1816 1004 tristia

238 1031 505 1094 sortitus
551 1029 900 1114 umquam?
946 1029 1229 1094 videram
1273 1031 1560 1093 nondum
1609 1029 1797 1093 diem?
2158 1044 2260 1092 245

238 1120 532 1203 uterique
575 1118 860 1183 nondum
908 1117 1220 1182 solveram
1268 1119 1470 1182 clausi
1515 1139 1753 1203 moraS‚

241 1212 303 1271 et
349 1209 477 1272 iam
523 1207 809 1271 timebar.
899 1207 1194 1290 protinus
1242 1207 1555 1289 quosdam
1602 1207 1808 1271 editos

239 1318 369 1360 nox
417 1296 752 1379 occupavit
797 1299 861 1359 et
907 1317 1110 1359 novae
1154 1295 1286 1360 luci
1332 1294 1624 1359 abstulit:

240 1407 414 1450 mors
461 1406 565 1448 me
610 1385 980 1469 antecessit3
1027 1383 1262 1467 aliquis
1309 1385 1481 1448 intra
1526 1385 1768 1448 viscera

241 1478 533 1538 materna
577 1472 779 1537 letum
823 1474 1200 1558 praecoquis
1246 1474 1368 1537 fati
1411 1473 1588 1537 tulit:
2156 1489 2261 1537 250

243 1563 354 1626 sed
400 1562 713 1645 numquid
758 1566 824 1627 et
868 1562 1203 1646 peccavit?
1250 1562 1642 1646 abstrusum,
1689 1561 1978 1625 abditum

244 1652 634 1734 dubiumque
682 1674 763 1714 an
811 1673 1013 1716 essem
1061 1650 1314 1715 sceleris
1363 1650 1609 1715 infandi
1655 1672 1832 1714 reum

246 1741 398 1804 deus
446 1741 606 1825 egit3
652 1741 766 1804 illo
812 1743 979 1804 teste
1026 1740 1355 1804 damnavit
1399 1761 1649 1823 parens

246 1829 578 1911 calidoque
624 1833 878 1892 teneros
922 1829 1201 1893 transuit
1246 1829 1415 1892 ferro
1461 1828 1654 1912 pedes

246 1922 307 1981 et
353 1919 420 1982 in
468 1916 600 1980 alta
642 1940 905 1981 nemora
949 1917 1258 2001 pabulum
1305 1917 1484 1982 misit
1528 1916 1680 1980 feris
2156 1932 2260 1979 255

246 2006 594 2090 avibusque
641 2006 846 2071 saevis
895 2028 1052 2090 quas
1101 2004 1447 2071 Cithaeron
1491 2007 1723 2070 noxius

248 2118 471 2161 cruore
518 2117 704 2179 saepe
749 2096 927 2181 regio
974 2097 1208 2161 tinctas
1254 2097 1389 2160 alit.

248 2186 357 2249 sed
405 2207 594 2269 quem
641 2186 794 2249 deus
843 2184 1194 2268 damnavit,
1241 2184 1478 2249 abiecit
1521 2188 1720 2268 pater,
1814 2221 1817 2226 -

245 2296 416 2338 mors
464 2295 718 2356 quoque
762 2274 1017 2359 refugit.
1107 2274 1402 2358 praestiti
1445 2271 1718 2356 Delphis
1765 2272 1983 2336 fidem:

246 2363 601 2447 genitorem
648 2362 908 2426 adortus
955 2363 1153 2446 impia
1200 2364 1401 2426 stravi
1445 2383 1612 2426 nece.
2155 2378 2259 2426 260

247 2452 371 2516 hoc
416 2452 542 2515 alia
587 2452 790 2534 pietas
836 2450 1132 2515 redimet:
1180 2452 1383 2516 occidi
1425 2453 1701 2534 patrem,

247 2541 357 2605 sed
400 2544 670 2604 matrem
716 2540 943 2604 amavi.
1032 2540 1333 2623 proloqui
1376 2538 1796 2623 hymenaeum
1844 2538 2040 2621 pudet

243 2629 589 2713 taedasque
634 2633 905 2693 nostras,
993 2627 1111 2692 has
1160 2650 1415 2712 quoque
1461 2629 1736 2693 invitum
1779 2628 1915 2711 pati

244 2723 309 2782 te
357 2739 515 2803 coge
559 2738 822 2801 poenas:
868 2718 1117 2782 facinus
1164 2718 1459 2803 ignotum
1509 2718 1769 2780 efferum

243 2808 624 2872 inusitatum
672 2806 859 2870 effare
906 2807 1079 2889 quod
1124 2806 1350 2890 populi
1393 2806 1722 2888 horreant,
2157 2820 2259 2867 265

245 2896 419 2979 quod
466 2916 600 2959 esse
645 2895 886 2959 factum
931 2894 1111 2958 nulla
1156 2917 1287 2959 non
1333 2898 1508 2958 aetas
1549 2897 1767 2980 neget,

246 2985 420 3068 quod
464 2984 846 3068 parricidam
892 2985 1153 3068 pudeat:
1200 2985 1267 3047 in
1311 2984 1556 3068 patrios
1601 2987 1776 3046 toros

244 3074 368 3137 tuli
412 3077 680 3157 paterno
728 3073 1039 3157 sanguine
1085 3094 1370 3156 aspersas
1415 3093 1642 3136 manus

244 3162 629 3245 scelerisque
673 3162 953 3244 pretium
999 3162 1203 3225 maius
1251 3162 1470 3245 accepi
1512 3162 1733 3225 scelus

240 3254 384 3316 leve
430 3254 527 3314 est
572 3254 909 3334 paternum
954 3250 1229 3314 facinus.
1275 3251 1345 3313 in
1390 3250 1707 3314 thalamos
1753 3269 1929 3311 meos
2154 3264 2258 3311 270

387 3413 493 3461 240
530 3406 737 3477 eripuit
772 3413 815 3459 E
856 3409 875 3476 ΙΙ
916 3412 1022 3460 242
1058 3410 1278 3476 patrem
1313 3413 1357 3460 Ε
1394 3408 1413 3476 ΙΙ
1449 3412 1552 3460 248
1589 3405 1732 3459 lucis
1768 3411 1811 3457 E
1839 3408 1858 3475 ΙΙ
1884 3409 1991 3457 252
2026 3420 2152 3457 reus
2189 3405 2260 3457 ΕῙ

242 3496 380 3535 corr.
427 3478 499 3531 13²
559 3480 577 3547 ΙΙ
641 3483 747 3531 254
787 3477 1079 3532 transtulit
1124 3483 1169 3530 A
1231 3481 1250 3548 ΙΙ
1311 3483 1418 3532 256
1464 3477 1648 3531 auidis
1693 3482 1738 3529 A
1770 3478 1778 3546 Ι
1811 3476 2117 3545 cyntheron
2163 3482 2204 3527 Ε
2244 3479 2263 3546 n

243 3556 357 3674 25·11
386 3551 598 3673 traKtas
626 3548 730 3603 alit
757 3554 802 3601 A
828 3551 847 3617 ΙΙ
875 3555 972 3602 261
1011 3549 1201 3617 aliqua
1228 3549 1522 3604 Ascensius
1548 3552 1566 3619 ΙΙ
1596 3554 1698 3602 265
1738 3548 1856 3601 fare
1884 3553 1927 3599 E
1954 3550 1974 3618 ΙΙ
2000 3553 2105 3601 270
2142 3550 2259 3615 pat.

242 3638 333 3676 sce
357 3639 424 3675 us
