2658 4117
847 283 1224 337 HERCVLES
1263 283 1599 354 [FVRENs]
2152 284 2239 348 47

204 432 433 494 volens
482 430 836 512 sciensque.
928 446 1132 493 HERC.
1177 428 1422 512 Pande,
1470 428 1624 511 quid
1670 430 1810 492 fieri
1857 429 2083 494 iubes?

205 537 421 582 AMPH.
467 518 656 583 Nihil
701 540 1032 604 rogamus:
1078 522 1299 582 noster
1346 519 1414 581 in
1458 521 1600 581 tuto
1648 521 1746 582 est
1792 518 1991 582 dolor.

203 613 432 672 natum
480 612 666 691 potes
714 630 965 671 servare
1009 611 1083 671 tu
1130 608 1305 671 solus
1352 606 1541 688 mihi,

206 699 454 780 eripere
500 717 620 760 nec
665 701 766 781 tu;
810 698 1165 760 maximum
1212 696 1385 759 evasi
1431 700 1700 759 metum:

206 787 516 849 miserum
561 787 722 849 haut
767 789 950 869 potes
996 808 1099 848 me
1143 785 1379 867 facere,
1425 785 1678 848 felicem
1723 789 1926 868 potes.
2099 801 2231 849 1305

207 876 301 939 sic
350 879 588 956 statue,
634 873 942 957 quicquid
988 874 1245 955 statuis,
1289 878 1365 937 ut
1410 895 1665 937 causam
1713 878 1890 937 tuam

207 964 579 1046 famamque
624 964 695 1026 in
741 968 879 1026 arto
927 968 1095 1027 stare
1142 967 1206 1026 et
1251 963 1520 1046 ancipiti
1565 963 1753 1026 scias:

208 1057 320 1116 aut
366 1053 532 1115 vivis
579 1055 693 1115 aut
739 1051 992 1116 occidis.
1083 1053 1251 1116 hanc
1297 1053 1576 1115 amimam
1623 1053 1828 1115 levem

205 1143 572 1224 fessamque
620 1142 797 1205 senio
845 1163 963 1205 nec
1007 1142 1222 1205 minus
1266 1141 1502 1204 fessam
1548 1141 1735 1204 malis

209 1232 274 1293 in
323 1252 432 1294 ore
478 1231 689 1312 primo
737 1235 940 1294 teneo.
1031 1235 1164 1294 tam
1210 1229 1391 1293 tarde
1437 1230 1606 1313 patri
1771 1287 1774 1290 .
2099 1245 2236 1309 1310

131 1388 138 1393 ,
209 1320 408 1382 vitam
458 1319 568 1383 dat
614 1320 892 1402 aliquis?
936 1340 1069 1383 non
1112 1319 1313 1383 feram
1362 1318 1631 1383 ulterius
1678 1313 1953 1401 moram,

211 1410 477 1472 laetare!
521 1409 694 1472 ferro
741 1414 964 1491 pectus
1011 1409 1322 1492 impresso
1372 1406 1659 1471 induam:

209 1497 341 1579 1110,
387 1497 496 1560 1110
542 1497 778 1561 iacebit
822 1496 1119 1561 Herculis
1167 1498 1308 1561 sani
1354 1498 1578 1560 scelus.

209 1603 411 1650 HERC.
457 1584 596 1649 Iam
642 1608 859 1671 parce,
915 1588 1193 1673 genitor,
1239 1607 1455 1670 parce,
1502 1586 1630 1649 iam
1675 1605 1905 1648 revoca
1952 1608 2230 1648 manum.

211 1675 583 1757 succumbe,
629 1676 862 1758 virtus,
906 1676 1118 1760 perfer
1162 1675 1505 1758 imperium
1552 1675 1771 1757 patris,
1919 1697 1923 1701 ’
2096 1689 2232 1737 1315

210 1768 314 1828 eat
359 1763 439 1827 ad
484 1764 737 1827 labores
782 1764 888 1828 hic
936 1786 1191 1848 quoque
1237 1763 1589 1827 Herculeos
1635 1763 1843 1826 labor:

209 1853 515 1916 vivamus
609 1858 784 1917 artus
831 1855 1036 1917 alleva
1082 1854 1356 1917 afflictos
1403 1854 1570 1934 8010,

209 1940 487 2023 Τ1108011,
531 1943 833 2025 parentis.
925 1942 1146 2007 dextra
1192 1947 1525 2007 contactus
1569 1941 1713 2025 pios

208 2031 514 2095 scelerata
539 2031 796 2118 refugit.
870 2049 1082 2097 AMPH.
1125 2031 1311 2096 Hanc
1340 2053 1601 2095 manum
1630 2031 1982 2114 amplector
2007 2030 2234 2112 11110118,

209 2121 331 2184 hac
377 2122 557 2185 nisus
604 2121 713 2185 ibo
723 2173 740 2205 ,
787 2123 1033 2206 pectori
1078 2122 1246 2187 hanc
1293 2143 1484 2207 aegro
1532 2121 1877 2184 admovens
2095 2135 2232 2183 1320

207 2211 446 2292 pellam
497 2210 767 2275 dolores.
859 2229 1061 2274 HERC.
1118 2210 1320 2286 Quem
1358 2212 1574 2275 locum
1613 2210 1926 2294 profugus
1973 2209 2231 2292 petam?

205 2299 316 2362 ubi
363 2321 467 2362 me
511 2299 852 2363 recondam
902 2323 1106 2383 quave
1151 2300 1380 2364 tellure
1429 2299 1703 2362 obruar?

205 2389 350 2469 quis
397 2387 630 2451 Tanais
679 2393 790 2452 aut
837 2391 979 2472 quis
1026 2387 1216 2453 Nilus
1265 2393 1377 2452 aut
1424 2389 1566 2471 quis
1612 2387 1867 2451 Persica

204 2477 526 2540 violentus
572 2476 746 2541 unda
791 2476 1001 2563 Tigris
1050 2483 1162 2542 aut
1205 2477 1472 2541 Rhenus
1518 2477 1699 2540 ferox

204 2565 500 2650 Tagusve
546 2565 789 2629 Hibera
833 2566 1128 2630 turbidus
1175 2590 1334 2652 gaza
1378 2566 1582 2629 fluens
2094 2579 2229 2626 1325

202 2653 464 2718 abluere
512 2654 801 2719 dextram
847 2656 1127 2739 poterit?
1172 2655 1485 2720 Arctoum
1530 2655 1682 2718 licet

202 2741 476 2807 Maeotis
524 2743 592 2807 in
638 2767 740 2807 me
788 2745 999 2830 gelida
1043 2745 1452 2809 transfundat
1496 2765 1670 2806 mare

203 2836 264 2895 et
309 2836 451 2896 tota
497 2831 739 2917 Tethys
787 2856 903 2916 per
947 2857 1119 2897 meas
1168 2838 1381 2897 currat
1425 2855 1680 2913 manuS,

203 2921 494 2985 haerebit
539 2923 742 2986 altum
786 2923 1053 2986 facinus.
1147 2924 1214 2986 in
1262 2945 1420 3005 quas
1467 2923 1704 3005 impius

202 3014 401 3074 terras
447 3010 749 3075 recedes?
842 3016 1054 3075 ortum
1101 3034 1185 3075 an
1232 3033 1526 3076 occasum
1574 3009 1796 3094 petes?
2091 3023 2228 3071 1330

205 3099 446 3180 ubique
492 3104 686 3163 notus
733 3100 983 3183 perdidi
1029 3103 1220 3165 exilio
1267 3103 1499 3164 10011111.

341 3296 468 3343 1301
510 3293 931 3363 Amphitryonis
961 3301 1105 3348 totus
1136 3301 1212 3349 est
1243 3312 1298 3348 ω
1337 3312 1472 3349 corr.
1494 3294 1733 3362 Rutyers
1770 3293 1863 3358 (V.
1885 3293 1953 3345 L.
1979 3293 2189 3358 12495)
2217 3290 2222 3360 Ι

203 3362 349 3429 quod
385 3375 444 3428 ψ
499 3365 518 3432 ΙΙ
571 3368 706 3417 1302
742 3366 979 3420 Herculi
1018 3367 1186 3420 datwr
1220 3377 1276 3432 ψ
1332 3368 1350 3434 n
1405 3370 1537 3418 1304
1576 3365 1773 3418 theseu
1818 3363 1941 3432 ipse
1987 3363 2226 3416 necdum

201 3435 506 3487 maximum
536 3440 582 3487 A
609 3438 628 3504 ΙΙ
654 3440 787 3488 1305
825 3452 915 3489 me
952 3454 1051 3491 om.
1087 3443 1129 3489 E
1156 3438 1175 3505 ΙΙ
1203 3442 1337 3491 1309
1375 3452 1637 3506 quassam
1674 3434 1838 3488 malis
1868 3440 1913 3487 A
1939 3438 1957 3504 ΙΙ
1986 3439 2111 3487 1312
2148 3433 2227 3485 10-

200 3504 312 3558 tale
342 3523 397 3559 ω
427 3523 565 3560 corr.
597 3507 797 3576 Peiper
829 3511 836 3576 Ι
869 3508 1201 3577 impressum
1230 3514 1276 3561 A
1303 3512 1321 3579 η
1350 3514 1475 3561 1316
1504 3507 1795 3561 herculeus
1820 3513 1862 3559 E
1890 3510 1908 3576 ΙΙ
1937 3511 2069 3559 1320
2098 3521 2227 3574 pec-

200 3578 318 3629 tore
356 3583 397 3628 E
432 3579 439 3645 1
474 3593 579 3646 ego
607 3582 651 3629 A
679 3580 697 3646 ΙΙ
725 3583 861 3632 1322
898 3579 1132 3633 obruam
1160 3585 1205 3632 A
1231 3582 1250 3649 ΙΙ
1277 3585 1412 3633 1324
1449 3578 1653 3633 1111011118
1690 3584 1732 3630 Ε
1760 3582 1777 3647 ΙΙ
1805 3584 1937 3632 1325
1977 3577 2225 3647 padusve

203 3646 490 3702 hiber-atur
525 3648 691 3702 bibus
728 3656 771 3702 E
801 3653 819 3720 Η
848 3655 979 3703 1330
1014 3651 1231 3705 recides
1268 3658 1309 3704 Ε
