2658 4117
392 248 494 302 XX
1199 248 1611 303 PRAEFATIO

392 398 774 459 stantissimis
810 401 1027 458 veteris
1064 399 1257 459 Italae
1294 400 1565 474 testibus,
1601 401 2043 479 Augustanum,
2081 403 2419 464 Vadianum

394 482 475 571 (R
501 490 583 547 10
619 488 729 565 Ag.
761 487 818 544 V
839 515 906 534 =
925 480 1088 569 Α(“ῑ)).
1163 487 1279 557 Qui
1324 491 1606 563 quoniam
1651 491 1715 548 in
1761 492 1915 550 veris
1962 494 2022 550 et
2065 491 2418 553 indubitatis

390 578 739 653 plerumque
778 595 911 635 cum
947 581 1008 635 Σ
1041 578 1435 652 consentiunt,
1471 580 1535 635 in
1578 578 1772 638 dubiis
1818 580 1963 639 locis
2011 581 2417 642 emendatiora

390 666 550 725 haud
594 684 729 725 raro
775 666 882 725 illo
929 667 1251 743 exemplari
1296 667 1610 742 praebent,
1667 669 1812 743 quin
1868 688 1937 728 ex
1991 669 2110 729 alio
2157 671 2417 745 quodam

392 755 717 814 communis
764 756 1028 814 omnium
1074 756 1383 832 archetypi
1429 757 1773 834 apographo
1819 759 2014 816 minus
2060 760 2271 819 vitiose
2319 761 2416 820 de·

393 846 612 919 scripto
657 846 1036 904 manaverint
1079 864 1199 903 non
1242 844 1466 903 dubito.
1542 844 1736 914 Quare
1777 846 1880 905 ubi
1917 846 2140 907 ordinis
2180 851 2250 907 H
2277 850 2418 909 libri

391 934 487 991 vel
533 950 733 992 omnes
779 933 875 992 vel
923 934 1155 1010 aliquot
1200 952 1335 992 cum
1378 925 1496 991 Ast)
1533 935 1892 1011 conspirant,
1939 955 2141 995 eorum
2179 956 2417 1014 quoque

389 1022 671 1081 lectiones
716 1041 836 1081 non
880 1024 1007 1081 tam
1052 1023 1345 1081 Italorum
1390 1024 1739 1082 correcturis
1787 1043 1967 1099 quam
2011 1027 2241 1101 puriori
2288 1029 2410 1086 cui-

389 1110 528 1169 dam
575 1112 955 1187 antiquitatis
1002 1113 1156 1170 fonti
1201 1111 1405 1170 deberi
1449 1115 1607 1171 recte
1645 1115 1959 1172 statuetur.
2036 1113 2414 1191 Quamquam

391 1201 675 1276 quoniam
719 1200 941 1259 ordinis
988 1191 1104 1258 Ast>
1148 1199 1289 1259 libri
1343 1219 1459 1260 non
1507 1200 1725 1276 ubique
1781 1202 1980 1261 clauso
2028 1206 2264 1281 agmine
2322 1208 2413 1264 in-

390 1288 621 1364 cedunt,
665 1290 819 1348 sicut
858 1290 923 1346 in
963 1288 1178 1349 Leonis
1217 1289 1502 1348 classibus
1540 1290 1762 1368 singuli
1798 1310 1917 1350 non
1953 1310 2088 1350 raro
2127 1292 2419 1354 dissident

388 1380 547 1437 inter
591 1396 653 1437 se
701 1381 878 1454 atque
924 1377 1280 1453 discordant,
1327 1378 1457 1437 fieri
1501 1396 1620 1437 non
1664 1381 1863 1455 potuit
1905 1380 2049 1454 quin
2094 1380 2167 1440 de
2215 1383 2417 1443 arche-

389 1467 524 1544 typi
569 1468 863 1542 scriptura
908 1471 1066 1527 recte
1112 1467 1527 1526 constituenda
1570 1485 1689 1526 non
1735 1488 2058 1544 numquam
2115 1470 2415 1533 dubitatio

387 1556 841 1632 relinqueretur.
904 1556 1107 1632 Atque
1145 1557 1256 1616 hoc
1293 1557 1477 1616 etiam
1512 1556 1819 1615 fatendum
1862 1560 1970 1632 est,
2012 1576 2130 1616 non
2176 1562 2418 1621 tantum

388 1646 587 1705 valere
623 1647 874 1704 istorum
910 1645 1181 1704 codicum
1220 1645 1654 1720 auctoritatem,
1693 1649 1761 1704 ut
1802 1665 2005 1704 eorum
2042 1665 2152 1722 ope
2189 1667 2418 1709 novum

390 1733 690 1811 quoddam
737 1753 804 1794 ac
850 1734 1075 1793 firmius
1125 1732 1411 1794 Octaviae
1465 1736 1852 1794 recensendae
1905 1738 1965 1794 et
2012 1737 2416 1798 emendandae

389 1823 843 1883 fundamentum
887 1825 1077 1899 possit
1120 1824 1401 1883 substrui.
1475 1823 1657 1883 Nullo
1709 1824 1868 1882 enim
1903 1827 2245 1900 praetextae
2282 1827 2416 1888 loco

392 1914 661 1990 contigit,
699 1916 768 1971 ut
802 1914 971 1972 novis
1001 1912 1278 1972 subsidiis
1308 1915 1479 1971 vetus
1509 1913 1819 1988 archetypi
1856 1913 2033 1972 lectio
2062 1917 2168 1974 aut
2194 1918 2415 1976 rectius

393 2003 675 2061 constitui
713 2005 818 2061 aut
855 2001 1153 2061 emendari
1190 2002 1428 2062 facilius
1466 2001 1767 2061 videretur
1812 2020 1999 2078 posse.
2074 2001 2235 2073 Quae
2278 2024 2417 2065 cum

393 2092 481 2150 ita
527 2093 737 2170 essent,
783 2110 820 2150 a
863 2110 957 2149 me
1006 2094 1326 2167 impetrare
1372 2110 1491 2151 non
1537 2093 1724 2167 potui,
1772 2095 1840 2150 ut
1891 2094 2163 2169 repetitis
2207 2093 2415 2153 Weid-

391 2182 748 2238 mannianae
840 2179 1118 2239 editionis
1201 2180 1555 2240 lectionibus
1646 2180 1982 2241 differentes
2075 2185 2417 2243 nostrorum

391 2268 681 2327 librorum
752 2269 1075 2343 scripturas
1160 2288 1515 2346 apponerem
1591 2269 2015 2346 inutiliumque
2092 2270 2418 2332 lectionum

391 2376 566 2416 caeca
609 2353 764 2416 mol'e
809 2356 1256 2417 adnotationem
1312 2360 1581 2417 criticam
1636 2377 1940 2417 onerarem
1985 2361 2185 2435 potius
2235 2379 2417 2435 quam

393 2437 752 2506 adiuvare'm.
838 2445 1050 2522 Itaque
1096 2449 1290 2507 vitata
1335 2448 1691 2507 infructuosi
1741 2448 1959 2506 laboris
2015 2451 2415 2510 ostentatione

391 2536 501 2596 hoc
545 2538 790 2596 tantum*
828 2538 950 2613 egi,
1010 2540 1078 2595 ut
1113 2538 1275 2596 omni
1320 2538 1642 2596 lectionum
1694 2535 1872 2595 turba
1924 2535 2224 2597 subtiliter
2280 2558 2415 2597 exa-

391 2628 621 2685 minata
675 2629 736 2683 et
787 2616 1077 2701 perpensa
1132 2625 1277 2702 quid
1329 2627 1395 2684 in
1449 2627 1745 2684 communi
1792 2624 2111 2702 archetypo
2161 2646 2224 2685 re
2270 2646 2419 2687 vera

391 2717 574 2774 fuisse
630 2708 1088 2773 consentaneum
1142 2718 1320 2789 esset,
1375 2714 1439 2772 id
1495 2717 1600 2772 aut
1652 2716 1717 2772 in
1770 2716 1938 2772 textu
1982 2734 2262 2790 ponerem
2309 2721 2422 2776 aut

390 2806 456 2863 in
510 2804 894 2863 adnotatione
946 2803 1004 2861 A
1056 2804 1259 2862 littera
1323 2803 1528 2861 addita
1592 2802 2011 2880 significarem,
2076 2804 2418 2865 differentes

394 2893 467 2952 ab
516 2894 825 2968 archetypi
868 2893 1120 2951 lectione
1166 2892 1436 2951 codicum
1480 2893 1831 2993 scripturaS,
1875 2891 1979 2950 ubi
2026 2912 2123 2952 eas
2171 2895 2419 2954 enotare

392 2981 553 3064 haud
597 2982 809 3040 inutile
854 2981 1188 3055 videretur,
1229 2981 1436 3039 littera
1479 2993 1532 3056 ψ
1579 2982 1901 3057 signarem,
1948 2983 2420 3059 quotiescunque

394 3055 689 3129 dubitatio
735 3070 1046 3145 incideret,
1096 3071 1240 3129 haec
1295 3070 1392 3128 vel
1436 3070 1545 3129 illa
1591 3071 1887 3144 scriptura
1940 3072 2184 3146 propius
2232 3091 2269 3130 a
2315 3091 2422 3131 ve-

395 3260 443 3311 Φ
477 3256 820 3326 archetypon
852 3257 1231 3325 qualicunque
1268 3257 1359 3311 via
1395 3257 1646 3311 redeunt.
1706 3255 1904 3310 Ordini
1934 3259 1996 3309 H
2025 3257 2423 3327 adsignandus

392 3328 615 3383 videtur
652 3328 827 3381 codex
863 3328 1272 3382 Laurentianus
1309 3327 1451 3399 plut.
1481 3327 1760 3396 XXXVII,
1784 3335 1813 3382 7
1844 3327 1953 3397 (Ν)
1982 3328 2194 3382 saeculi
2231 3332 2295 3383 ut
2332 3330 2428 3383 vi-

395 3399 560 3453 detur
585 3398 729 3466 XIV,
759 3398 830 3452 de
857 3399 1015 3452 cuius
1045 3400 1337 3469 scripturis
1374 3399 1441 3454 H.
1480 3399 1645 3454 Peter
1680 3415 1781 3453 nos
1820 3399 2084 3453 certiores
2120 3399 2274 3467 fecit,
2314 3402 2428 3469 qui

394 3470 531 3525 olim
568 3486 696 3525 eum
731 3469 1066 3538 inspexerat
1113 3470 1436 3525 Lectionem
1463 3468 1695 3540 praebet
1721 3471 1893 3540 paulo
1921 3470 2204 3540 puriorem
2241 3489 2430 3540 quam

393 3541 594 3595 Leonis
651 3542 710 3606 L,
761 3540 916 3595 nullo
971 3543 1162 3595 tamen
1219 3542 1426 3607 artiore
1483 3541 1833 3611 cognationis
1888 3541 2111 3595 vinculo
2168 3559 2295 3596 cum
2347 3560 2428 3599 eo

393 3613 670 3669 cohaeret
