2658 4117
412 260 535 323 128
1055 259 1113 312 L.
1143 257 1426 311 ANNAEI
1463 256 1788 311 SENECAE

406 409 645 468 terrore
691 403 1021 486 pavidum,
1070 402 1309 486 quippe
1358 424 1546 484 quem
1594 422 1837 485 poenae
1883 402 2128 485 expetit

405 495 663 576 letoque
709 490 983 555 Acastus
1027 511 1227 574 regna
1272 488 1641 554 Thessalica
1686 489 1999 572 optinens.

407 582 584 645 senio
630 582 1007 644 trementem
1056 578 1251 642 debili
1297 581 1491 660 atque
1536 599 1693 642 aevo
1742 599 2002 662 gravem

406 672 653 753 patrem
699 671 1101 751 peremptum
1150 666 1441 750 queritur
1485 670 1549 730 et
1595 667 1762 730 caesi
1808 668 1977 731 senis

408 757 672 821 discissa
716 756 1028 838 membra,
1076 776 1221 819 cum
1270 755 1420 818 dolo
1467 758 1691 838 captae
1737 758 1850 818 tuo
2324 770 2432 821 260

407 846 550 929 piae
597 867 845 909 sorores
893 844 1164 927 impium
1212 843 1520 907 auderent
1562 843 1760 907 nefas.

406 937 622 1016 potest
663 931 880 1015 Iason,
927 933 982 996 si
1027 936 1203 995 tuam
1252 953 1513 996 causam
1560 953 1846 1014 amove,

408 1043 587 1085 suam
635 1022 825 1085 tueri:
872 1022 1089 1084 nullus
1136 1021 1488 1084 innocuum
1536 1041 1724 1084 cruor

408 1110 896 1191 contaminavit,
941 1108 1105 1172 afuit
1147 1109 1316 1172 ferro
1366 1129 1594 1172 manus

407 1199 758 1281 proculque
803 1200 1016 1262 vestro
1063 1218 1262 1279 purus
1310 1219 1348 1259 a
1394 1199 1581 1260 coetu
1629 1197 1823 1260 stetit.
2323 1211 2430 1259 265

407 1290 505 1369 tu,
551 1290 625 1350 tu
671 1286 986 1349 malorum
1034 1284 1463 1348 machinatrix
1506 1284 1892 1369 facinorum,

408 1375 513 1437 cui
555 1374 831 1437 feminae
876 1373 1165 1456 nequitia
1210 1372 1291 1436 ad
1338 1372 1628 1436 audenda
1674 1373 1915 1456 omnia,

405 1463 603 1526 robur
646 1463 830 1525 virile
876 1464 1001 1543 est,
1044 1462 1225 1525 nulla
1268 1461 1478 1524 famae
1524 1462 1858 1543 memoria,

408 1551 729 1636 egredere,
775 1571 982 1635 purga
1026 1570 1251 1634 regna,
1294 1550 1520 1613 letales
1568 1550 1762 1613 simul

406 1643 617 1703 tecum
667 1638 845 1702 aufer
887 1637 1146 1720 herbas,
1189 1637 1394 1701 libera
1440 1638 1608 1702 cives
1655 1642 1858 1718 metu,
2324 1652 2433 1702 270

408 1728 533 1790 alia
579 1728 802 1791 sedens
848 1727 1077 1790 tellure
1125 1726 1405 1789 sollicita
1451 1726 1620 1789 deos,

407 1833 574 1878 MED.
621 1814 971 1900 Profugere
1018 1814 1242 1899 cogis?
1287 1813 1480 1878 redde
1525 1813 1802 1899 fugienti
1845 1817 2050 1877 ratem

408 1905 512 1967 vel
556 1903 747 1966 redde
795 1904 1095 1968 comitem
1133 1940 1221 1949 —
1257 1903 1482 1987 fugere
1528 1923 1642 1966 cur
1687 1900 1891 1965 solam
1937 1900 2162 1965 iubes?

406 2013 539 2054 non
584 1993 722 2055 sola
766 1992 931 2056 veni.
1023 1990 1293 2055 bellati
1342 1990 1573 2055 metui·
1618 1989 1782 2074 pati,

406 2084 750 2163 utrumque
795 2102 995 2165 regno
1042 2081 1228 2162 pelle.
1320 2101 1435 2144 cur
1480 2083 1695 2144 sonte·
1743 2078 1903 2143 duo·
2323 2094 2431 2142 275

409 2167 794 2253 distinguis?
840 2169 939 2232 illi
982 2168 1188 2251 Pelia,
1233 2190 1366 2231 non
1410 2168 1597 2231 nobis
1644 2168 1835 2251 iacet3

405 2255 655 2339 fugam,
699 2257 956 2339 rapinas
1004 2257 1207 2339 adice,
1255 2256 1574 2321 desertum
1623 2259 1868 2339 patrem

407 2345 814 2426 lacerumque
860 2345 1151 2427 fratrem,
1198 2344 1506 2428 quicquid
1551 2346 1745 2408 etiam
1791 2365 1964 2407 nunc
2009 2364 2207 2407 novas

408 2431 596 2496 docet
640 2433 908 2496 maritus
954 2432 1288 2518 coniuges,
1333 2454 1467 2496 non
1511 2436 1608 2496 est
1652 2454 1895 2495 meum:

406 2520 643 2583 totiens
690 2542 927 2585 nocens
974 2543 1114 2585 sum
1161 2522 1360 2602 facta,
1410 2520 1522 2584 sed
1566 2542 1920 2603 numquam
1967 2519 2145 2583 mihi.
2324 2535 2433 2585 280

410 2624 513 2671 CR.
558 2605 696 2672 Iam
745 2609 949 2673 exisse
997 2609 1225 2672 decuit.
1363 2608 1476 2671 uid
1521 2610 1677 2673 seris
1722 2608 1917 2672 fando
1967 2608 2221 2672 moras?

406 2713 575 2760 MED.
623 2694 911 2780 Supplex
955 2697 1255 2762 recedens
1307 2697 1319 2710 ’
1377 2696 1465 2760 ud
1511 2700 1867 2761 extremum
1914 2717 2155 2779 precor,

406 2807 487 2848 ne
534 2785 724 2868 culpa
767 2788 953 2849 natos
1000 2786 1224 2848 matris
1268 2785 1555 2849 insontes
1601 2784 1830 2849 trahat.

409 2889 512 2935 CR.
559 2871 764 2936 Vade:
809 2872 930 2937 hos
976 2877 1242 2957 paterno
1289 2877 1364 2937 ut
1409 2874 1663 2958 genitor
1707 2873 2023 2957 excipiam
2072 2873 2233 2936 sinu.

406 2978 573 3024 MED.
621 2960 744 3024 Per
790 2983 909 3046 ego
958 2962 1321 3046 auspicatos
1366 2962 1530 3046 regii
1575 2960 1844 3024 thalami
1889 2965 2094 3043 toros,
2325 2976 2430 3025 285

548 3174 654 3222 256
693 3169 903 3239 quippe
940 3186 1105 3237 quem
1142 3176 1189 3221 Β
1225 3169 1437 3239 quippe
1474 3186 1574 3224 om.
1604 3176 1648 3222 Ε
1687 3169 1898 3240 quippe
1933 3172 1992 3224 te
2020 3175 2066 3222 A
2110 3172 2129 3239 ΙΙ
2174 3175 2281 3223 260
2318 3169 2433 3224 dis-

408 3239 557 3292 cisca
592 3245 636 3291 Ε
677 3239 687 3307 Ι
729 3243 963 3309 coeptae
998 3246 1042 3292 Ε
1096 3242 1114 3309 ss
1169 3246 1273 3294 263
1311 3241 1502 3295 nullus
1542 3242 1668 3309 (sic)
1706 3242 1979 3296 innocuus
2016 3246 2063 3294 Β
2116 3243 2135 3309 ΙΙ
2189 3246 2295 3294 266
2332 3240 2434 3295 sed

406 3310 470 3361 tu
506 3314 552 3361 A
596 3312 614 3378 ΙΙ
670 3316 772 3363 267
814 3310 905 3364 cui
941 3310 1185 3365 feminae
1223 3313 1349 3379 (litt.
1390 3328 1421 3366 e
1457 3313 1686 3381 incerta)
1722 3317 1769 3365 Β
1806 3312 1897 3366 cui
1934 3311 2179 3365 feminea
2215 3316 2314 3364 EA
2350 3310 2433 3365 fe-

407 3379 594 3433 minea
640 3380 731 3434 cui
778 3383 952 3437 Bothe
1000 3384 1008 3451 Ι
1060 3382 1320 3436 audenda
1365 3382 1492 3436 ΒΕ*
1547 3383 1804 3436 audende
1850 3383 1921 3436 ΕΙ
1977 3383 2298 3437 audendum
2333 3386 2379 3433 A
2415 3382 2435 3452 Η

408 3453 512 3500 268
549 3450 710 3504 virile
736 3452 907 3506 robur
932 3455 1053 3521 (om.
1085 3456 1190 3523 est)
1219 3458 1265 3505 A
1290 3455 1310 3521 ΙΙ
1337 3459 1445 3507 272
1481 3454 1650 3507 ratim
1680 3454 1721 3523 (i
1747 3471 1861 3509 mm
1888 3456 2053 3523 certa)
2081 3459 2129 3506 Β
2155 3456 2174 3522 ΙΙ
2200 3458 2305 3506 273
2342 3452 2434 3506 vel

407 3519 578 3641 ἱῖῖεέθ
609 3539 691 3644 ἓ),
730 3525 788 3576 et
814 3540 856 3576 r.
887 3524 1001 3578 Leo
1020 3523 1038 3594 ΙΙ
1057 3529 1162 3577 276
1198 3523 1384 3578 Pelias
1412 3531 1522 3590 Εψ
1541 3525 1560 3596 Η
1579 3530 1682 3578 278
1721 3542 1871 3579 nunc
1897 3527 2033 3579 nota
2060 3531 2103 3577 Ε
2123 3526 2265 3594 11279
2302 3540 2433 3578 con-

548 3608 572 3642 s
