2658 4117
881 254 1259 309 HERchEs
1298 254 1681 328 [oETAEvs]
2164 258 2295 338 333

266 405 377 464 aut
420 403 640 483 pereat
686 403 797 464 aut
844 421 944 462 me
993 400 1295 483 perimat3
1344 401 1516 465 elisis
1563 402 1714 465 feris
2191 419 2294 467 340

266 494 331 553 et
376 489 715 573 coniugem
762 488 978 569 addat,
1026 490 1192 552 inter
1235 487 1590 554 Herculeos
1637 492 1789 555 licet

267 600 368 641 me
417 599 672 661 quoque
718 577 969 642 labores
1016 581 1334 641 numeret:
1380 576 1645 644 Alcidae
1692 584 1867 643 toros

267 667 580 730 moritura
625 670 793 729 certe
840 687 1105 748 corpore
1153 667 1505 748 amplectar
1549 691 1711 732 me0.

265 755 388 837 ire,
435 756 524 819 ire
570 755 651 818 ad
695 754 955 818 umbras
1002 754 1301 818 Herculis
1348 760 1613 838 nuptam
1664 758 1851 839 libet,

267 843 376 908 sed
421 865 554 908 non
598 842 896 906 inultam:
945 843 999 907 si
1048 844 1202 926 quid
1249 866 1327 907 ex
1372 849 1593 909 nostro
1641 845 1918 911 Hercule
2187 863 2291 911 345

267 932 562 1014 concepit
607 930 771 1013 Iole,
818 932 1116 995 manibus
1164 934 1433 997 evellam
1481 935 1640 998 meis

266 1023 414 1085 ante
461 1025 525 1085 et
570 1042 684 1103 per
729 1022 900 1103 ipsas
948 1021 1259 1104 paelicem
1305 1023 1603 1086 invadam
1650 1024 1839 1088 faces

265 1131 368 1173 me
414 1109 692 1192 nuptiali
737 1110 1067 1174 victimam
1113 1110 1302 1173 feriat
1350 1111 1450 1174 die

266 1199 537 1262 infestus
548 1247 564 1279 ,
610 1195 793 1261 Iolen
838 1199 989 1261 dum
1039 1220 1232 1281 supra
1277 1200 1636 1264 exanimem
1682 1224 1883 1264 ruam.

264 1288 423 1350 felix
468 1288 633 1351 iacet
680 1287 1064 1369 quicumque
1113 1310 1272 1369 quos
1321 1289 1457 1352 odit
1503 1291 1753 1372 premit.
2191 1306 2293 1354 350

265 1393 426 1438 NVT.
474 1374 641 1450 Quid
686 1376 827 1458 ipsa
870 1376 1162 1440 flammas
1208 1378 1419 1459 pascis
1467 1382 1531 1440 et
1578 1382 1830 1442 vastum
1877 1379 2057 1443 foves

265 1466 436 1528 ultro
485 1464 816 1527 dolorem?
862 1465 1121 1547 misera,
1169 1465 1322 1548 quid
1369 1487 1620 1529 cassum
1668 1467 1902 1531 times?

267 1553 493 1617 dilexit
535 1551 741 1615 Iolen:
788 1574 1018 1635 nempe
1066 1574 1212 1617 cum
1261 1558 1458 1617 staret
1503 1576 1732 1637 parens

266 1642 564 1726 regisque
608 1644 826 1704 natam
873 1645 1134 1724 peteret.
1227 1643 1296 1704 in
1340 1642 1620 1706 famulae
1665 1645 1883 1707 locum

265 1730 490 1814 regina
535 1729 790 1792 cecidit:
838 1729 1118 1811 perdidit
1162 1730 1328 1793 vires
1378 1753 1559 1794 amor
1982 1767 1990 1775 ·
2190 1749 2293 1796 355

268 1818 673 1899 multumque
720 1817 799 1881 ab
847 1817 960 1880 illa
1004 1819 1205 1881 traxit
1251 1819 1479 1882 infelix
1525 1823 1749 1883 status.

268 1907 496 1970 illicita
542 1909 854 1988 amantur,
901 1906 1143 1970 excidit
1190 1908 1498 1990 quicquid
1542 1909 1710 1972 licet.

268 2011 408 2057 DEI.
459 1993 742 2058 Fortuna
786 2016 1068 2058 amorem
1115 1996 1299 2080 peior
1345 1996 1701 2061 inflammat
1747 1998 1977 2083 magis:

267 2088 441 2148 amat
486 2084 589 2147 vel
633 2084 846 2166 ipsum
895 2085 1066 2167 quod
1113 2090 1285 2149 caret
1333 2087 1541 2168 patrio
1588 2087 1747 2170 lare,

267 2173 442 2256 quod
486 2172 695 2236 nudus
743 2195 897 2236 auro
946 2173 1141 2237 crinis
1189 2178 1252 2237 et
1298 2196 1553 2259 gemma
1594 2176 1787 2257 iacet,
2190 2192 2291 2240 360

267 2262 439 2344 ipsas
486 2261 844 2325 misericors
891 2262 1110 2325 forsan
1155 2285 1489 2326 aerumnas
1538 2268 1734 2347 amat3

265 2349 393 2414 hoc
437 2351 744 2413 usitatum
793 2354 889 2414 est
933 2349 1225 2415 Herculi:
1272 2356 1493 2434 captas
1540 2356 1728 2416 amat.

267 2456 427 2502 NVT.
469 2438 726 2503 Dilecta
768 2437 1011 2503 Priami
1053 2462 1284 2522 nempe
1332 2439 1641 2504 Dardanii
1687 2443 1869 2505 soror

267 2549 569 2591 concessa
612 2528 854 2591 famula
901 2532 1023 2609 est3
1070 2528 1248 2592 adice
1296 2533 1455 2610 quot
1500 2534 1733 2612 nuptas
1780 2530 1985 2612 prim,

268 2620 427 2699 quot
471 2616 751 2701 virgines
799 2616 1050 2679 dilexit:
1098 2617 1334 2679 erravit
1379 2640 1597 2703 vagus.
2188 2634 2290 2681 365

266 2701 541 2767 Arcadia
585 2726 815 2787 nempe
862 2705 1075 2789 virg0‚
1119 2705 1442 2769 Palladios
1491 2707 1720 2770 choros

268 2793 419 2856 dum
465 2794 693 2874 nectit,
737 2790 950 2878 Auge,
996 2794 1129 2857 vim
1176 2795 1385 2877 stupri
1429 2816 1616 2878 passa
1663 2793 1898 2858 excidit

264 2881 636 2962 nullamque
684 2882 918 2944 amoris
966 2881 1276 2947 Hercules
1323 2884 1556 2947 retinet
1601 2887 1839 2946 notam.

411 3042 514 3090 840
551 3043 679 3091 ante
715 3036 869 3090 elisis
914 3040 1156 3106 spatium
1192 3040 1440 3092 relictum
1477 3061 1568 3092 xm
1599 3039 1906 3093 litterarum
1942 3045 1984 3090 Ε
2024 3040 2235 3106 (Ribb.)
2274 3040 2293 3109 ΙΙ

267 3113 373 3160 844
409 3108 638 3161 Herculi
680 3108 932 3162 iunctam
969 3108 1105 3162 licet
1139 3114 1185 3162 A
1247 3110 1265 3177 11
1331 3114 1434 3161 346
1473 3109 1711 3162 avellam
1747 3115 1855 3175 Εψ
1918 3111 1937 3177 ΙΙ
2002 3115 2106 3163 858
2143 3110 2291 3163 ultro

265 3178 318 3229 d.
347 3178 353 3249 Ι
379 3177 582 3232 misera
621 3197 672 3246 q.
704 3196 748 3233 c.
779 3182 819 3233 t.
855 3186 898 3231 E
930 3182 938 3248 Ι
973 3196 1164 3233 casum
1202 3198 1258 3234 ω
1295 3196 1432 3235 corr.
1462 3181 1693 3247 Lipsius
1718 3182 1737 3249 ΙΙ
1765 3185 1868 3234 858
1908 3181 2041 3234 dum
2080 3183 2294 3234 starent

266 3247 413 3301 lares
450 3253 496 3299 A
540 3251 559 3317 Η
605 3254 709 3302 854
746 3250 896 3304 enim
933 3250 1067 3304 fam.
1098 3251 1134 3304 1.
1159 3257 1201 3302 Ε
1243 3253 1261 3318 ΙΙ
1303 3257 1407 3303 356
1444 3251 1772 3318 vultumque
1810 3258 1852 3303 Β·
1885 3254 1892 3321 Ι
1926 3252 2024 3305 illo
2063 3269 2118 3306 ω
2154 3267 2292 3307 corr.

266 3319 342 3371 N.
383 3319 650 3374 Heinsius
699 3338 755 3388 p.
794 3326 898 3375 441
951 3324 959 3390 Ι
1012 3324 1167 3375 statu
1202 3323 1311 3373 A«)
1358 3325 1365 3390 Ι
1414 3338 1625 3376 versum
1670 3324 1771 3377 del.
1820 3324 2046 3378 Tachau
2084 3340 2141 3391 p.
2184 3326 2294 3377 736

265 3390 384 3444 coll.
417 3393 524 3443 394
542 3407 616 3459 sq.
659 3393 678 3459 ΙΙ
721 3397 823 3444 859
861 3392 1043 3460 ipsam
1081 3405 1137 3458 ψ
1179 3395 1197 3461 ΙΙ
1240 3397 1346 3445 862
1383 3409 1483 3447 om.
1513 3398 1555 3443 Ε
1589 3396 1596 3460 Ι
1628 3395 1837 3447 nutrici
1871 3395 2039 3447 datur
2073 3399 2119 3445 A
2156 3410 2291 3448 cor-r.

265 3461 461 3514 Delrio
496 3460 542 3529 ἸΙ
605 3466 708 3515 868
745 3463 961 3531 priamo
999 3469 1045 3517 A
1099 3467 1117 3529 ΙΙ
1172 3468 1277 3515 864
1313 3462 1527 3516 famulo
1564 3475 1619 3529 ψ
1675 3465 1693 3533 ΙΙ
1748 3469 1853 3518 866
1891 3464 2158 3518 archadia
2195 3470 2238 3516 E
2275 3464 2294 3535 Η

265 3536 371 3654 ῗῖδ
408 3531 616 3655 ιῗξιιθίῑ
652 3532 911 3588 Herculei
958 3537 1153 3592 notam
1189 3539 1235 3585 A
1280 3534 1487 3589 retinet
1535 3534 1791 3589 Herculis
1837 3538 2029 3589 notam
2065 3541 2108 3587 E
2153 3551 2291 3590 corr.

322 3618 382 3656 eo
