2658 4117
1018 262 1466 318 PHOENTSSA'E
2128 263 2252 327 109

239 412 489 475 hastam
537 410 674 473 solo
722 408 953 493 defige3
1000 413 1359 473 maternum
1405 413 1518 472 tuo

238 501 407 575 coire
454 501 676 582 pectus
722 498 967 582 pectori
1014 498 1256 582 clipeus
1307 501 1508 561 vetat:
2146 514 2252 562 470

236 590 410 653 hunc
456 609 711 670 quoque
755 608 1009 669 repone.
1100 587 1358 651 vinculo
1404 587 1681 651 frontem
1728 608 1886 650 exue

238 682 668 763 tegumenque
713 676 941 759 capitis
987 676 1168 739 triste
1215 676 1508 760 belligeri
1553 677 1696 739 leva

239 771 302 830 et
349 787 460 830 ora
505 765 697 829 matri
739 764 947 828 redde.
1039 785 1166 847 quo
1213 765 1430 828 vultus
1476 765 1672 828 refers

239 856 499 938 acieque
543 854 774 937 pavida
817 853 1033 917 fratris
1080 854 1379 917 observas
1426 853 1729 917 manum?

240 944 443 1008 affusa
487 947 697 1006 totum
744 963 975 1024 corpus
1021 943 1321 1025 amplexu
1367 946 1609 1026 tegam,
2151 957 2253 1005 475

237 1037 351 1097 tuo
400 1032 610 1097 cruori
654 1053 769 1113 per
813 1030 1181 1094 meumrfiet
1226 1031 1348 1094 via.

241 1121 397 1205 quid
442 1121 674 1184 dubius
720 1120 985 1183 haeres?
1032 1141 1115 1182 an
1158 1119 1347 1183 times
1393 1119 1617 1182 matris
1662 1119 1898 1182 fidem‘?
1950 1174 1953 1177 ,

133 1292 140 1295 .
237 1227 393 1274 POL.
440 1209 689 1291 Time03
734 1209 899 1272 nihil
945 1209 1072 1271 iam
1119 1209 1258 1272 iura
1308 1211 1571 1271 naturae
1618 1208 1848 1271 valent.

241 1303 390 1383 post
436 1300 559 1361 ista
602 1298 872 1361 fratrum
919 1296 1211 1380 exempla
1254 1319 1336 1360 ne
1382 1296 1573 1360 matri
1620 1296 1877 1378 quidem

237 1388 397 1452 fides
431 1387 725 1451 habenda
753 1389 865 1449 est.
953 1402 1085 1450 100.
1124 1385 1343 1449 Redde
1373 1385 1500 1448 iam
1531 1386 1759 1468 capulo
1790 1407 2078 1467 manum,
2149 1401 2255 1449 480

238 1477 523 1561 astringe
571 1477 851 1561 galeam,
895 1475 1076 1538 laeva
1123 1496 1189 1538 se
1236 1475 1443 1557 clipeo
1491 1475 1753 1558 inserat3

242 1566 394 1628 dum
440 1565 638 1628 frater
684 1567 1061 1645 exarmatur,
1106 1567 1388 1627 armatus
1433 1585 1636 1627 mane.
1719 1626 1722 1629 ,

239 1658 312 1717 tu
358 1675 525 1736 pone
569 1653 837 1735 ferrum,
884 1672 1073 1716 causa
1121 1653 1231 1736 qui
1275 1651 1430 1715 ferri
1476 1674 1541 1715 es
1587 1652 1778 1734 prior.

241 1743 298 1805 si
344 1743 519 1825 pacis
567 1742 785 1805 odium
832 1745 955 1823 est,
998 1742 1208 1805 furere
1255 1742 1311 1804 si
1358 1741 1528 1804 bello
1575 1741 1812 1824 placet:

241 1832 530 1895 inducias
575 1834 640 1893 te
687 1833 891 1894 mater
935 1831 1197 1915 exiguas
1243 1833 1456 1914 rogat,
2151 1843 2255 1892 485

241 1922 404 1984 ferat
448 1923 523 1983 ut
567 1940 819 1983 reverso
867 1923 1016 2001 post
1058 1919 1281 2004 fugam
1327 1922 1478 1981 nato
1529 1918 1746 1981 oscula

242 2009 344 2073 vel
388 2009 597 2092 prima
641 2009 745 2072 vel
791 2029 1100 2091 suprema.
1193 2007 1346 2072 dum
1392 2028 1612 2092 pacem
1657 2009 1836 2090 pet0‚

243 2097 457 2162 audite
505 2099 795 2162 inermes
886 2098 995 2161 ille
1040 2101 1132 2180 te,
1176 2101 1249 2161 tu
1295 2098 1482 2160 illum
1527 2096 1758 2159 times?

242 2208 361 2271 ego
410 2190 785 2269 utrumque,
830 2186 940 2249 sed
985 2208 1101 2269 pro
1139 2190 1430 2268 utroque.
1505 2185 1659 2267 quid
1697 2185 1987 2249 strictum
2031 2183 2257 2248 abnuis

239 2276 582 2340 recondere
630 2274 889 2339 ensem?
941 2274 1228 2357 qualibet
1273 2274 1480 2359 gaude
1525 2296 1729 2337 mora:
2153 2289 2258 2337 490

245 2366 311 2428 id
359 2386 574 2449 gerere
620 2364 861 2427 bellum
909 2364 1171 2447 cupitiS‚
1217 2364 1285 2428 in
1332 2385 1459 2446 quo
1508 2367 1604 2426 est
1649 2363 1965 2446 optimum

241 2454 429 2517 vinci.
522 2453 756 2517 vereris
800 2452 1017 2516 fratris
1065 2453 1282 2515 infesti
1328 2451 1552 2515 dolos‘?

244 2543 542 2625 quotiens
587 2562 844 2605 necesse
891 2545 988 2605 est
1032 2541 1250 2605 fallere
1296 2544 1409 2604 aut
1451 2539 1592 2603 falli
1639 2563 1676 2603 a
1721 2539 1880 2623 suis,
1946 2546 1951 2550 ’

239 2631 488 2715 patiare
534 2631 750 2713 potius
796 2630 933 2713 ipse
980 2652 1172 2713 quam
1217 2630 1415 2693 facias
1463 2630 1685 2693 scelus.

240 2720 356 2783 sed
400 2742 482 2783 ne
529 2741 769 2783 verere:
815 2723 1019 2782 mater
1064 2719 1326 2783 insidias
1373 2722 1438 2782 et
1481 2718 1633 2781 hinc
2154 2732 2258 2780 495

240 2812 306 2872 et
351 2830 571 2872 rursus
618 2809 798 2872 illinc
843 2808 1075 2893 abiget.
1168 2807 1405 2871 exoro?
1453 2829 1535 2870 an
1579 2807 1748 2890 patri

242 2898 498 2961 invideo
546 2897 801 2960 vestro?
849 2898 996 2960 veni
1039 2900 1114 2960 ut
1159 2917 1435 2960 arcerem
1480 2896 1659 2959 nefas

241 3009 326 3050 an
371 2990 445 3050 ut
489 2986 769 3050 viderem
815 2986 1123 3069 propius?
1169 2986 1276 3049 hic
1317 2986 1557 3048 ferrum
1604 2984 1874 3065 abdidit,

239 3074 500 3139 reclinis
547 3074 733 3138 hasta
780 3078 902 3157 est,
949 3096 1124 3137 arma
1169 3074 1378 3138 defixa
1423 3073 1745 3137 incubant.

242 3165 325 3228 ad
372 3168 437 3228 te
484 3184 703 3247 preces
748 3186 944 3246 nunc,
990 3167 1164 3246 nate,
1210 3167 1527 3226 maternas
1573 3163 1800 3244 feram,
2156 3175 2260 3224 500

387 3344 492 3391 470
531 3338 712 3392 coiere
739 3345 782 3391 Ε
811 3340 828 3407 ΙΙ
858 3344 964 3391 472
998 3341 1225 3407 tegmen
1260 3338 1343 3392 vel
1377 3336 1626 3406 tegimen
1652 3341 1698 3388 A
1723 3338 1742 3405 11
1765 3342 1889 3405 post
1924 3340 2024 3387 477
2067 3334 2263 3405 leyitur

239 3427 287 3464 v.
319 3414 434 3464 480
468 3416 511 3462 E
548 3413 566 3479 11
602 3415 708 3463 480
745 3428 851 3463 100.
890 3427 990 3465 om.
1022 3428 1101 3476 ω,
1139 3409 1267 3463 add.
1307 3420 1362 3474 ψ
1403 3410 1421 3477 ΙΙ
1467 3413 1564 3460 481
1601 3426 1705 3460 100
1737 3407 1916 3475 praef.
1954 3413 1996 3459 Ε
2035 3423 2134 3461 om.
2164 3411 2210 3458 A
2251 3405 2257 3477 Ι

240 3481 466 3564 ingerat
484 3486 558 3533 At
592 3484 610 3549 ss
638 3486 741 3534 483
779 3500 886 3534 1oc.
908 3485 953 3532 Δ
981 3498 1079 3536 om.
1096 3487 1138 3533 Ε
1167 3483 1185 3549 ΙΙ
1212 3485 1315 3533 485
1345 3495 1510 3549 rogas
1538 3486 1580 3532 E
1609 3482 1626 3548 ΙΙ
1654 3484 1756 3531 493
1786 3494 1820 3531 a
1846 3478 1960 3531 tuis
1988 3479 2064 3532 N.
2086 3477 2260 3531 Hein-

240 3555 362 3607 sius
389 3571 447 3622 p.
480 3557 554 3607 57
599 3554 703 3620 (sic
738 3554 828 3607 ecl.
858 3554 1064 3623 Luyd.)
1113 3554 1130 3620 ΙΙ
1176 3556 1280 3603 499
1317 3550 1542 3605 reclinis
1578 3551 1753 3604 haste.
1812 3551 1868 3603 et
1905 3565 2060 3603 arma
2096 3554 2141 3601 Δ
2177 3566 2262 3603 re-

167 3685 172 3690 c
244 3623 408 3677 clinis
446 3624 642 3677 hastae
681 3640 836 3678 arma
872 3631 914 3677 Ε
951 3641 1087 3679 corr
1118 3624 1230 3678 Leo
