<?xml version="1.0" encoding="UTF-8"?>
<!DOCTYPE html PUBLIC "-//W3C//DTD XHTML 1.0 Transitional//EN"
    "http://www.w3.org/TR/xhtml1/DTD/xhtml1-transitional.dtd">
<html xmlns="http://www.w3.org/1999/xhtml" xml:lang="en" lang="en">
 <head>
  <title>
</title>
<meta http-equiv="Content-Type" content="text/html;charset=utf-8" />
  <meta name='ocr-system' content='tesseract 3.04.00' />
  <meta name='ocr-capabilities' content='ocr_page ocr_carea ocr_par ocr_line ocrx_word'/>
</head>
<body>
  <div class='ocr_page' id='page_1' title='image "./senecaetragoedi00senegoog_0109.png"; bbox 0 0 2658 4117; ppageno 0'>
   <div class='ocr_carea' id='block_1_1' title="bbox 1094 259 2270 326">
    <p class='ocr_par' dir='ltr' id='par_1_1' title="bbox 1094 259 2270 326">
     <span class='ocr_line' id='line_1_1' title="bbox 1094 259 2270 326; baseline 0.009 -13"><span class='ocrx_word' id='word_1_1' title='bbox 1094 259 1428 314; x_wconf 81' lang='lat' dir='ltr'>TROADES</span> <span class='ocrx_word' id='word_1_2' title='bbox 2186 263 2270 326; x_wconf 77' lang='lat'><strong>57</strong></span> 
     </span>
    </p>
   </div>
   <div class='ocr_carea' id='block_1_2' title="bbox 610 403 2275 754">
    <p class='ocr_par' dir='ltr' id='par_1_2' title="bbox 612 403 1699 488">
     <span class='ocr_line' id='line_1_2' title="bbox 612 403 1699 488; baseline 0 -19"><span class='ocrx_word' id='word_1_3' title='bbox 612 406 771 469; x_wconf 82' lang='lat' dir='ltr'><strong>felix</strong></span> <span class='ocrx_word' id='word_1_4' title='bbox 817 405 1061 468; x_wconf 91' lang='lat' dir='ltr'><strong>animas</strong></span> <span class='ocrx_word' id='word_1_5' title='bbox 1108 403 1391 469; x_wconf 76' lang='lat' dir='ltr'>Hectora</span> <span class='ocrx_word' id='word_1_6' title='bbox 1436 407 1699 488; x_wconf 86' lang='lat' dir='ltr'><strong>quaerit.</strong></span> 
     </span>
    </p>

    <p class='ocr_par' dir='ltr' id='par_1_3' title="bbox 610 493 2275 666">
     <span class='ocr_line' id='line_1_3' title="bbox 612 493 2275 578; baseline -0.001 -21"><span class='ocrx_word' id='word_1_7' title='bbox 612 495 768 558; x_wconf 83' lang='lat' dir='ltr'><strong>felix</strong></span> <span class='ocrx_word' id='word_1_8' title='bbox 815 493 1133 578; x_wconf 87' lang='lat' dir='ltr'><strong>Priamus,</strong></span> <span class='ocrx_word' id='word_1_9' title='bbox 2146 503 2275 555; x_wconf 76' lang='lat' dir='ltr'><strong>161b</strong></span> 
     </span>
     <span class='ocr_line' id='line_1_4' title="bbox 610 583 1654 666; baseline 0.002 -20"><span class='ocrx_word' id='word_1_10' title='bbox 610 584 769 646; x_wconf 83' lang='lat' dir='ltr'><strong>felix</strong></span> <span class='ocrx_word' id='word_1_11' title='bbox 818 583 1108 666; x_wconf 89' lang='lat' dir='ltr'><strong>quisquis</strong></span> <span class='ocrx_word' id='word_1_12' title='bbox 1155 583 1326 646; x_wconf 93' lang='lat' dir='ltr'><strong>bello</strong></span> <span class='ocrx_word' id='word_1_13' title='bbox 1375 583 1654 658; x_wconf 92' lang='lat' dir='ltr'><strong>moriens</strong></span> 
     </span>
    </p>

    <p class='ocr_par' dir='ltr' id='par_1_4' title="bbox 617 672 1738 754">
     <span class='ocr_line' id='line_1_5' title="bbox 617 672 1738 754; baseline 0 -18"><span class='ocrx_word' id='word_1_14' title='bbox 617 672 834 736; x_wconf 90' lang='lat' dir='ltr'><strong>omnia</strong></span> <span class='ocrx_word' id='word_1_15' title='bbox 879 693 1095 736; x_wconf 92' lang='lat' dir='ltr'><strong>secum</strong></span> <span class='ocrx_word' id='word_1_16' title='bbox 1142 676 1526 754; x_wconf 88' lang='lat' dir='ltr'><strong>consumpta</strong></span> <span class='ocrx_word' id='word_1_17' title='bbox 1569 674 1738 736; x_wconf 89' lang='lat' dir='ltr'><strong>tulit.</strong></span> 
     </span>
    </p>
   </div>
   <div class='ocr_carea' id='block_1_3' title="bbox 777 882 1748 949">
    <p class='ocr_par' dir='ltr' id='par_1_5' title="bbox 777 882 1748 949">
     <span class='ocr_line' id='line_1_6' title="bbox 777 882 1748 949; baseline 0.001 -1"><span class='ocrx_word' id='word_1_18' title='bbox 777 882 1328 948; x_wconf 80' lang='lat' dir='ltr'>TALTHYBIVS</span> <span class='ocrx_word' id='word_1_19' title='bbox 1404 883 1748 949; x_wconf 84' lang='lat' dir='ltr'>CHORVS</span> 
     </span>
    </p>
   </div>
   <div class='ocr_carea' id='block_1_4' title="bbox 241 1008 2273 3227">
    <p class='ocr_par' dir='ltr' id='par_1_6' title="bbox 241 1008 2273 3227">
     <span class='ocr_line' id='line_1_7' title="bbox 377 1008 1867 1095; baseline 0 -22"><span class='ocrx_word' id='word_1_20' title='bbox 377 1010 430 1073; x_wconf 90' lang='lat' dir='ltr'><strong>O</strong></span> <span class='ocrx_word' id='word_1_21' title='bbox 477 1011 681 1095; x_wconf 85' lang='lat' dir='ltr'><strong>longa</strong></span> <span class='ocrx_word' id='word_1_22' title='bbox 727 1008 966 1074; x_wconf 84' lang='lat' dir='ltr'><strong>Danais</strong></span> <span class='ocrx_word' id='word_1_23' title='bbox 1013 1032 1263 1092; x_wconf 84' lang='lat' dir='ltr'><strong>semper</strong></span> <span class='ocrx_word' id='word_1_24' title='bbox 1310 1009 1379 1072; x_wconf 89' lang='lat' dir='ltr'><strong>in</strong></span> <span class='ocrx_word' id='word_1_25' title='bbox 1422 1014 1614 1092; x_wconf 90' lang='lat' dir='ltr'><strong>portu</strong></span> <span class='ocrx_word' id='word_1_26' title='bbox 1662 1032 1867 1093; x_wconf 84' lang='lat' dir='ltr'><strong>mora,</strong></span> 
     </span>
     <span class='ocr_line' id='line_1_8' title="bbox 245 1099 2247 1182; baseline 0 -19"><span class='ocrx_word' id='word_1_27' title='bbox 245 1122 356 1163; x_wconf 86' lang='lat' dir='ltr'><strong>seu</strong></span> <span class='ocrx_word' id='word_1_28' title='bbox 400 1104 623 1182; x_wconf 90' lang='lat' dir='ltr'><strong>petere</strong></span> <span class='ocrx_word' id='word_1_29' title='bbox 672 1099 944 1181; x_wconf 88' lang='lat' dir='ltr'><strong>bellum,</strong></span> <span class='ocrx_word' id='word_1_30' title='bbox 989 1103 1204 1182; x_wconf 90' lang='lat' dir='ltr'><strong>petere</strong></span> <span class='ocrx_word' id='word_1_31' title='bbox 1252 1121 1363 1162; x_wconf 91' lang='lat' dir='ltr'><strong>seu</strong></span> <span class='ocrx_word' id='word_1_32' title='bbox 1410 1100 1685 1181; x_wconf 91' lang='lat' dir='ltr'><strong>patriam</strong></span> <span class='ocrx_word' id='word_1_33' title='bbox 1731 1101 1972 1163; x_wconf 88' lang='lat' dir='ltr'><strong>volunt.</strong></span> <span class='ocrx_word' id='word_1_34' title='bbox 2146 1116 2247 1164; x_wconf 82' lang='lat'><strong>165</strong></span> 
     </span>
     <span class='ocr_line' id='line_1_9' title="bbox 247 1186 2155 1272; baseline 0.001 -22"><span class='ocrx_word' id='word_1_35' title='bbox 247 1205 448 1252; x_wconf 73' lang='lat' dir='ltr'><strong>(JHOR.</strong></span> <span class='ocrx_word' id='word_1_36' title='bbox 498 1186 677 1263; x_wconf 84' lang='lat' dir='ltr'><strong>Quae</strong></span> <span class='ocrx_word' id='word_1_37' title='bbox 725 1210 916 1251; x_wconf 89' lang='lat' dir='ltr'><strong>causa</strong></span> <span class='ocrx_word' id='word_1_38' title='bbox 959 1188 1205 1251; x_wconf 88' lang='lat' dir='ltr'><strong>ratibus</strong></span> <span class='ocrx_word' id='word_1_39' title='bbox 1242 1188 1440 1251; x_wconf 87' lang='lat' dir='ltr'><strong>faciat</strong></span> <span class='ocrx_word' id='word_1_40' title='bbox 1487 1192 1550 1251; x_wconf 91' lang='lat' dir='ltr'><strong>et</strong></span> <span class='ocrx_word' id='word_1_41' title='bbox 1595 1186 1835 1253; x_wconf 85' lang='lat' dir='ltr'><strong>Danais</strong></span> <span class='ocrx_word' id='word_1_42' title='bbox 1883 1212 2155 1272; x_wconf 84' lang='lat' dir='ltr'><strong>moram,</strong></span> 
     </span>
     <span class='ocr_line' id='line_1_10' title="bbox 244 1276 1673 1359; baseline -0.001 -18"><span class='ocrx_word' id='word_1_43' title='bbox 244 1279 465 1359; x_wconf 86' lang='lat' dir='ltr'><strong>effare,</strong></span> <span class='ocrx_word' id='word_1_44' title='bbox 510 1277 776 1341; x_wconf 82' lang='lat' dir='ltr'><strong>reduces</strong></span> <span class='ocrx_word' id='word_1_45' title='bbox 824 1277 969 1359; x_wconf 91' lang='lat' dir='ltr'><strong>quis</strong></span> <span class='ocrx_word' id='word_1_46' title='bbox 1016 1276 1171 1340; x_wconf 91' lang='lat' dir='ltr'><strong>deus</strong></span> <span class='ocrx_word' id='word_1_47' title='bbox 1219 1276 1475 1340; x_wconf 91' lang='lat' dir='ltr'><strong>claudat</strong></span> <span class='ocrx_word' id='word_1_48' title='bbox 1520 1277 1673 1340; x_wconf 78' lang='lat' dir='ltr'><strong>vias,</strong></span> 
     </span>
     <span class='ocr_line' id='line_1_11' title="bbox 245 1365 2151 1449; baseline 0 -20"><span class='ocrx_word' id='word_1_49' title='bbox 245 1384 398 1429; x_wconf 81' lang='lat' dir='ltr'>TAL.</span> <span class='ocrx_word' id='word_1_50' title='bbox 446 1365 650 1429; x_wconf 86' lang='lat' dir='ltr'><strong>Pavet</strong></span> <span class='ocrx_word' id='word_1_51' title='bbox 696 1366 947 1429; x_wconf 89' lang='lat' dir='ltr'><strong>animus</strong></span> <span class='ocrx_word' id='word_1_52' title='bbox 957 1415 976 1448; x_wconf 88' lang='lat'><em>,</em></span> <span class='ocrx_word' id='word_1_53' title='bbox 1022 1370 1197 1429; x_wconf 88' lang='lat' dir='ltr'><strong>artus</strong></span> <span class='ocrx_word' id='word_1_54' title='bbox 1243 1365 1541 1429; x_wconf 91' lang='lat' dir='ltr'><strong>horridus</strong></span> <span class='ocrx_word' id='word_1_55' title='bbox 1591 1371 1850 1449; x_wconf 77' lang='lat' dir='ltr'><strong>quassat</strong></span> <span class='ocrx_word' id='word_1_56' title='bbox 1896 1372 2151 1430; x_wconf 83' lang='lat' dir='ltr'><strong>tremor.</strong></span> 
     </span>
     <span class='ocr_line' id='line_1_12' title="bbox 242 1451 1797 1541; baseline -0.001 -22"><span class='ocrx_word' id='word_1_57' title='bbox 242 1456 490 1519; x_wconf 86' lang='lat' dir='ltr'><strong>maiora</strong></span> <span class='ocrx_word' id='word_1_58' title='bbox 537 1455 705 1518; x_wconf 88' lang='lat' dir='ltr'><strong>veris</strong></span> <span class='ocrx_word' id='word_1_59' title='bbox 753 1459 1041 1519; x_wconf 85' lang='lat' dir='ltr'><strong>monstra</strong></span> <span class='ocrx_word' id='word_1_60' title='bbox 1087 1451 1222 1539; x_wconf 85' lang='lat' dir='ltr'><strong>(vix</strong></span> <span class='ocrx_word' id='word_1_61' title='bbox 1269 1456 1533 1537; x_wconf 88' lang='lat' dir='ltr'><strong>capiunt</strong></span> <span class='ocrx_word' id='word_1_62' title='bbox 1577 1454 1797 1541; x_wconf 86' lang='lat' dir='ltr'><strong>fidem)</strong></span> 
     </span>
     <span class='ocr_line' id='line_1_13' title="bbox 242 1543 2246 1629; baseline 0 -21"><span class='ocrx_word' id='word_1_63' title='bbox 242 1545 378 1608; x_wconf 83' lang='lat' dir='ltr'><strong>vidi</strong></span> <span class='ocrx_word' id='word_1_64' title='bbox 425 1545 595 1627; x_wconf 84' lang='lat' dir='ltr'><strong>ipse,</strong></span> <span class='ocrx_word' id='word_1_65' title='bbox 643 1543 793 1607; x_wconf 87' lang='lat' dir='ltr'><strong>vidi.</strong></span> <span class='ocrx_word' id='word_1_66' title='bbox 887 1566 1138 1607; x_wconf 91' lang='lat' dir='ltr'><strong>summa</strong></span> <span class='ocrx_word' id='word_1_67' title='bbox 1183 1544 1310 1606; x_wconf 93' lang='lat' dir='ltr'><strong>iam</strong></span> <span class='ocrx_word' id='word_1_68' title='bbox 1359 1544 1550 1606; x_wconf 86' lang='lat' dir='ltr'><strong>Titan</strong></span> <span class='ocrx_word' id='word_1_69' title='bbox 1598 1545 1749 1629; x_wconf 87' lang='lat' dir='ltr'><strong>iuga</strong></span> <span class='ocrx_word' id='word_1_70' title='bbox 2145 1562 2246 1608; x_wconf 88' lang='grc'><strong>170</strong></span> 
     </span>
     <span class='ocr_line' id='line_1_14' title="bbox 243 1632 2273 1717; baseline -0.003 -20"><span class='ocrx_word' id='word_1_71' title='bbox 243 1633 606 1717; x_wconf 85' lang='lat' dir='ltr'><strong>stringebat</strong></span> <span class='ocrx_word' id='word_1_72' title='bbox 653 1637 825 1716; x_wconf 82' lang='lat' dir='ltr'><strong>ortu,</strong></span> <span class='ocrx_word' id='word_1_73' title='bbox 871 1633 1114 1696; x_wconf 81' lang='lat' dir='ltr'><strong>vicerat</strong></span> <span class='ocrx_word' id='word_1_74' title='bbox 1159 1637 1415 1696; x_wconf 92' lang='lat' dir='ltr'><strong>noctem</strong></span> <span class='ocrx_word' id='word_1_75' title='bbox 1464 1632 1626 1715; x_wconf 81' lang='lat' dir='ltr'><strong>dies,</strong></span> <span class='ocrx_word' id='word_1_76' title='bbox 2144 1639 2273 1691; x_wconf 73' lang='grc' dir='ltr'><strong>17οῦ</strong></span> 
     </span>
     <span class='ocr_line' id='line_1_15' title="bbox 245 1722 1738 1807; baseline -0.001 -20"><span class='ocrx_word' id='word_1_77' title='bbox 245 1745 394 1787; x_wconf 92' lang='lat' dir='ltr'><strong>cum</strong></span> <span class='ocrx_word' id='word_1_78' title='bbox 442 1722 660 1785; x_wconf 90' lang='lat' dir='ltr'><strong>subito</strong></span> <span class='ocrx_word' id='word_1_79' title='bbox 710 1743 898 1786; x_wconf 87' lang='lat' dir='ltr'><strong>caeco</strong></span> <span class='ocrx_word' id='word_1_80' title='bbox 946 1726 1115 1785; x_wconf 90' lang='lat' dir='ltr'><strong>terra</strong></span> <span class='ocrx_word' id='word_1_81' title='bbox 1160 1722 1416 1807; x_wconf 85' lang='lat' dir='ltr'><strong>mugitu</strong></span> <span class='ocrx_word' id='word_1_82' title='bbox 1462 1722 1738 1786; x_wconf 81' lang='lat' dir='ltr'><strong>fremens</strong></span> 
     </span>
     <span class='ocr_line' id='line_1_16' title="bbox 245 1811 1581 1895; baseline -0.001 -20"><span class='ocrx_word' id='word_1_83' title='bbox 245 1832 560 1876; x_wconf 90' lang='lat' dir='ltr'><strong>concussa</strong></span> <span class='ocrx_word' id='word_1_84' title='bbox 605 1814 780 1873; x_wconf 91' lang='lat' dir='ltr'><strong>totos</strong></span> <span class='ocrx_word' id='word_1_85' title='bbox 827 1811 1025 1874; x_wconf 92' lang='lat' dir='ltr'><strong>traxit</strong></span> <span class='ocrx_word' id='word_1_86' title='bbox 1071 1833 1148 1873; x_wconf 87' lang='lat' dir='ltr'><strong>ex</strong></span> <span class='ocrx_word' id='word_1_87' title='bbox 1195 1811 1326 1873; x_wconf 92' lang='lat' dir='ltr'><strong>imo</strong></span> <span class='ocrx_word' id='word_1_88' title='bbox 1376 1811 1581 1895; x_wconf 79' lang='lat' dir='ltr'><strong>sinus3</strong></span> 
     </span>
     <span class='ocr_line' id='line_1_17' title="bbox 245 1900 1758 1982; baseline 0 -19"><span class='ocrx_word' id='word_1_89' title='bbox 245 1923 502 1964; x_wconf 86' lang='lat' dir='ltr'><strong>movere</strong></span> <span class='ocrx_word' id='word_1_90' title='bbox 553 1900 750 1963; x_wconf 84' lang='lat' dir='ltr'><strong>silvae</strong></span> <span class='ocrx_word' id='word_1_91' title='bbox 799 1900 1009 1982; x_wconf 90' lang='lat' dir='ltr'><strong>capita</strong></span> <span class='ocrx_word' id='word_1_92' title='bbox 1055 1903 1119 1963; x_wconf 91' lang='lat' dir='ltr'><strong>et</strong></span> <span class='ocrx_word' id='word_1_93' title='bbox 1164 1901 1486 1963; x_wconf 91' lang='lat' dir='ltr'><strong>excelsum</strong></span> <span class='ocrx_word' id='word_1_94' title='bbox 1533 1922 1758 1964; x_wconf 90' lang='lat' dir='ltr'><strong>nemus</strong></span> 
     </span>
     <span class='ocr_line' id='line_1_18' title="bbox 242 1989 1577 2075; baseline -0.001 -23"><span class='ocrx_word' id='word_1_95' title='bbox 242 1990 499 2075; x_wconf 83' lang='lat' dir='ltr'><strong>fragore</strong></span> <span class='ocrx_word' id='word_1_96' title='bbox 547 1993 729 2052; x_wconf 88' lang='lat' dir='ltr'><strong>vasto</strong></span> <span class='ocrx_word' id='word_1_97' title='bbox 776 1989 992 2052; x_wconf 91' lang='lat' dir='ltr'><strong>tonuit</strong></span> <span class='ocrx_word' id='word_1_98' title='bbox 1036 1992 1101 2051; x_wconf 93' lang='lat' dir='ltr'><strong>et</strong></span> <span class='ocrx_word' id='word_1_99' title='bbox 1143 1990 1327 2052; x_wconf 88' lang='lat' dir='ltr'><strong>lucus</strong></span> <span class='ocrx_word' id='word_1_100' title='bbox 1376 2010 1577 2074; x_wconf 83' lang='lat' dir='ltr'><strong>sacer3</strong></span> 
     </span>
     <span class='ocr_line' id='line_1_19' title="bbox 245 2078 2244 2162; baseline -0.001 -20"><span class='ocrx_word' id='word_1_101' title='bbox 245 2078 438 2143; x_wconf 85' lang='lat' dir='ltr'><strong>Idaea</strong></span> <span class='ocrx_word' id='word_1_102' title='bbox 480 2080 690 2161; x_wconf 88' lang='lat' dir='ltr'><strong>ruptis</strong></span> <span class='ocrx_word' id='word_1_103' title='bbox 738 2101 891 2141; x_wconf 87' lang='lat' dir='ltr'><strong>saxa</strong></span> <span class='ocrx_word' id='word_1_104' title='bbox 937 2078 1302 2142; x_wconf 87' lang='lat' dir='ltr'><strong>ceciderunt</strong></span> <span class='ocrx_word' id='word_1_105' title='bbox 1349 2079 1534 2162; x_wconf 84' lang='lat' dir='ltr'><strong>iugis.</strong></span> <span class='ocrx_word' id='word_1_106' title='bbox 2145 2094 2244 2142; x_wconf 84' lang='grc'><strong>175</strong></span> 
     </span>
     <span class='ocr_line' id='line_1_20' title="bbox 241 2168 1798 2250; baseline -0.001 -19"><span class='ocrx_word' id='word_1_107' title='bbox 241 2189 364 2231; x_wconf 88' lang='lat' dir='ltr'><strong>nec</strong></span> <span class='ocrx_word' id='word_1_108' title='bbox 408 2172 581 2231; x_wconf 91' lang='lat' dir='ltr'><strong>terra</strong></span> <span class='ocrx_word' id='word_1_109' title='bbox 627 2168 835 2231; x_wconf 92' lang='lat' dir='ltr'><strong>solum</strong></span> <span class='ocrx_word' id='word_1_110' title='bbox 882 2168 1171 2230; x_wconf 87' lang='lat' dir='ltr'><strong>tremuit:</strong></span> <span class='ocrx_word' id='word_1_111' title='bbox 1218 2171 1282 2231; x_wconf 92' lang='lat' dir='ltr'><strong>et</strong></span> <span class='ocrx_word' id='word_1_112' title='bbox 1326 2172 1565 2250; x_wconf 91' lang='lat' dir='ltr'><strong>pontus</strong></span> <span class='ocrx_word' id='word_1_113' title='bbox 1613 2189 1798 2231; x_wconf 93' lang='lat' dir='ltr'><strong>suum</strong></span> 
     </span>
     <span class='ocr_line' id='line_1_21' title="bbox 243 2256 1676 2321; baseline -0.001 -1"><span class='ocrx_word' id='word_1_114' title='bbox 243 2257 466 2321; x_wconf 86' lang='lat' dir='ltr'><strong>adesse</strong></span> <span class='ocrx_word' id='word_1_115' title='bbox 513 2256 816 2319; x_wconf 80' lang='lat' dir='ltr'><strong>Achillen</strong></span> <span class='ocrx_word' id='word_1_116' title='bbox 862 2257 1062 2319; x_wconf 91' lang='lat' dir='ltr'><strong>sensit</strong></span> <span class='ocrx_word' id='word_1_117' title='bbox 1108 2278 1181 2320; x_wconf 92' lang='lat' dir='ltr'><strong>ac</strong></span> <span class='ocrx_word' id='word_1_118' title='bbox 1228 2257 1456 2319; x_wconf 86' lang='lat' dir='ltr'><strong>stravit</strong></span> <span class='ocrx_word' id='word_1_119' title='bbox 1500 2256 1676 2319; x_wconf 86' lang='lat' dir='ltr'><strong>vada.</strong></span> 
     </span>
     <span class='ocr_line' id='line_1_22' title="bbox 243 2344 1790 2428; baseline -0.001 -19"><span class='ocrx_word' id='word_1_120' title='bbox 243 2351 386 2409; x_wconf 83' lang='lat' dir='ltr'><strong>tum</strong></span> <span class='ocrx_word' id='word_1_121' title='bbox 435 2346 633 2410; x_wconf 91' lang='lat' dir='ltr'><strong>scissa</strong></span> <span class='ocrx_word' id='word_1_122' title='bbox 677 2344 865 2409; x_wconf 78' lang='lat' dir='ltr'><strong>vallis</strong></span> <span class='ocrx_word' id='word_1_123' title='bbox 912 2346 1119 2428; x_wconf 91' lang='lat' dir='ltr'><strong>aperit</strong></span> <span class='ocrx_word' id='word_1_124' title='bbox 1165 2346 1514 2409; x_wconf 88' lang='lat' dir='ltr'><strong>immensos</strong></span> <span class='ocrx_word' id='word_1_125' title='bbox 1565 2367 1790 2428; x_wconf 79' lang='lat' dir='ltr'><strong>specus</strong></span> 
     </span>
     <span class='ocr_line' id='line_1_23' title="bbox 244 2434 1765 2517; baseline -0.001 -18"><span class='ocrx_word' id='word_1_126' title='bbox 244 2440 310 2499; x_wconf 89' lang='lat' dir='ltr'><strong>et</strong></span> <span class='ocrx_word' id='word_1_127' title='bbox 354 2435 572 2498; x_wconf 86' lang='lat' dir='ltr'><strong>hiatus</strong></span> <span class='ocrx_word' id='word_1_128' title='bbox 618 2434 817 2497; x_wconf 86' lang='lat' dir='ltr'><strong>Erebi</strong></span> <span class='ocrx_word' id='word_1_129' title='bbox 862 2435 1154 2517; x_wconf 88' lang='lat' dir='ltr'><strong>pervium</strong></span> <span class='ocrx_word' id='word_1_130' title='bbox 1203 2435 1282 2497; x_wconf 91' lang='lat' dir='ltr'><strong>ad</strong></span> <span class='ocrx_word' id='word_1_131' title='bbox 1331 2456 1596 2517; x_wconf 89' lang='lat' dir='ltr'><strong>superos</strong></span> <span class='ocrx_word' id='word_1_132' title='bbox 1643 2435 1765 2498; x_wconf 89' lang='lat' dir='ltr'><strong>iter</strong></span> 
     </span>
     <span class='ocr_line' id='line_1_24' title="bbox 243 2523 2245 2606; baseline 0 -20"><span class='ocrx_word' id='word_1_133' title='bbox 243 2524 476 2587; x_wconf 87' lang='lat' dir='ltr'><strong>tellure</strong></span> <span class='ocrx_word' id='word_1_134' title='bbox 521 2524 725 2587; x_wconf 80' lang='lat' dir='ltr'><strong>fracta</strong></span> <span class='ocrx_word' id='word_1_135' title='bbox 769 2524 1033 2606; x_wconf 76' lang='lat' dir='ltr'><strong>praebet</strong></span> <span class='ocrx_word' id='word_1_136' title='bbox 1079 2545 1152 2587; x_wconf 92' lang='lat' dir='ltr'><strong>ac</strong></span> <span class='ocrx_word' id='word_1_137' title='bbox 1196 2523 1522 2586; x_wconf 90' lang='lat' dir='ltr'><strong>tumulum</strong></span> <span class='ocrx_word' id='word_1_138' title='bbox 1567 2524 1754 2586; x_wconf 87' lang='lat' dir='ltr'><strong>levat.</strong></span> <span class='ocrx_word' id='word_1_139' title='bbox 2145 2539 2245 2587; x_wconf 86' lang='lat'><strong>180</strong></span> 
     </span>
     <span class='ocr_line' id='line_1_25' title="bbox 244 2611 1714 2698; baseline -0.001 -22"><span class='ocrx_word' id='word_1_140' title='bbox 244 2613 513 2677; x_wconf 77' lang='lat' dir='ltr'><strong>emicuit</strong></span> <span class='ocrx_word' id='word_1_141' title='bbox 557 2613 784 2698; x_wconf 85' lang='lat' dir='ltr'><strong>ingens</strong></span> <span class='ocrx_word' id='word_1_142' title='bbox 829 2612 1059 2675; x_wconf 91' lang='lat' dir='ltr'><strong>umbra</strong></span> <span class='ocrx_word' id='word_1_143' title='bbox 1104 2611 1459 2676; x_wconf 86' lang='lat' dir='ltr'><strong>Thessalici</strong></span> <span class='ocrx_word' id='word_1_144' title='bbox 1507 2612 1714 2694; x_wconf 77' lang='lat' dir='ltr'><strong>duciS‚</strong></span> 
     </span>
     <span class='ocr_line' id='line_1_26' title="bbox 244 2701 1589 2785; baseline 0 -20"><span class='ocrx_word' id='word_1_145' title='bbox 244 2701 544 2765; x_wconf 81' lang='lat' dir='ltr'><strong>Threicia</strong></span> <span class='ocrx_word' id='word_1_146' title='bbox 590 2702 797 2785; x_wconf 89' lang='lat' dir='ltr'><strong>qualis</strong></span> <span class='ocrx_word' id='word_1_147' title='bbox 845 2723 1021 2764; x_wconf 89' lang='lat' dir='ltr'><strong>arma</strong></span> <span class='ocrx_word' id='word_1_148' title='bbox 1065 2701 1413 2784; x_wconf 86' lang='lat' dir='ltr'><strong>proludens</strong></span> <span class='ocrx_word' id='word_1_149' title='bbox 1459 2701 1589 2765; x_wconf 92' lang='lat' dir='ltr'><strong>tuis</strong></span> 
     </span>
     <span class='ocr_line' id='line_1_27' title="bbox 247 2789 1743 2875; baseline -0.001 -22"><span class='ocrx_word' id='word_1_150' title='bbox 247 2792 402 2875; x_wconf 85' lang='lat' dir='ltr'><strong>iam,</strong></span> <span class='ocrx_word' id='word_1_151' title='bbox 451 2790 670 2873; x_wconf 83' lang='lat' dir='ltr'><strong>Troia,</strong></span> <span class='ocrx_word' id='word_1_152' title='bbox 713 2790 865 2854; x_wconf 84' lang='lat' dir='ltr'><strong>fatis</strong></span> <span class='ocrx_word' id='word_1_153' title='bbox 913 2791 1139 2853; x_wconf 89' lang='lat' dir='ltr'><strong>stravit</strong></span> <span class='ocrx_word' id='word_1_154' title='bbox 1185 2794 1296 2853; x_wconf 91' lang='lat' dir='ltr'><strong>aut</strong></span> <span class='ocrx_word' id='word_1_155' title='bbox 1341 2789 1743 2873; x_wconf 84' lang='lat' dir='ltr'><strong>Neptunium</strong></span> 
     </span>
     <span class='ocr_line' id='line_1_28' title="bbox 245 2880 1684 2961; baseline -0.001 -18"><span class='ocrx_word' id='word_1_156' title='bbox 245 2900 406 2943; x_wconf 86' lang='lat' dir='ltr'><strong>cana</strong></span> <span class='ocrx_word' id='word_1_157' title='bbox 452 2880 763 2943; x_wconf 90' lang='lat' dir='ltr'><strong>nitentem</strong></span> <span class='ocrx_word' id='word_1_158' title='bbox 809 2880 1084 2961; x_wconf 90' lang='lat' dir='ltr'><strong>perculit</strong></span> <span class='ocrx_word' id='word_1_159' title='bbox 1128 2880 1425 2942; x_wconf 85' lang='lat' dir='ltr'><strong>iuvenem</strong></span> <span class='ocrx_word' id='word_1_160' title='bbox 1473 2900 1684 2960; x_wconf 85' lang='lat' dir='ltr'><strong>coma,</strong></span> 
     </span>
     <span class='ocr_line' id='line_1_29' title="bbox 246 2967 2245 3032; baseline -0.001 0"><span class='ocrx_word' id='word_1_161' title='bbox 246 2972 358 3032; x_wconf 87' lang='lat' dir='ltr'><strong>aut</strong></span> <span class='ocrx_word' id='word_1_162' title='bbox 404 2990 552 3032; x_wconf 92' lang='lat' dir='ltr'><strong>cum</strong></span> <span class='ocrx_word' id='word_1_163' title='bbox 599 2970 765 3031; x_wconf 91' lang='lat' dir='ltr'><strong>inter</strong></span> <span class='ocrx_word' id='word_1_164' title='bbox 811 2968 976 3032; x_wconf 91' lang='lat' dir='ltr'><strong>acies</strong></span> <span class='ocrx_word' id='word_1_165' title='bbox 1024 2967 1229 3031; x_wconf 89' lang='lat' dir='ltr'><strong>Marte</strong></span> <span class='ocrx_word' id='word_1_166' title='bbox 1275 2969 1559 3031; x_wconf 84' lang='lat' dir='ltr'><strong>violento</strong></span> <span class='ocrx_word' id='word_1_167' title='bbox 1603 2967 1821 3031; x_wconf 82' lang='lat' dir='ltr'><strong>furens</strong></span> <span class='ocrx_word' id='word_1_168' title='bbox 2145 2982 2245 3030; x_wconf 80' lang='lat'><strong>185</strong></span> 
     </span>
     <span class='ocr_line' id='line_1_30' title="bbox 246 3057 1768 3141; baseline -0.001 -20"><span class='ocrx_word' id='word_1_169' title='bbox 246 3057 626 3141; x_wconf 89' lang='lat' dir='ltr'><strong>corporibus</strong></span> <span class='ocrx_word' id='word_1_170' title='bbox 674 3078 892 3120; x_wconf 90' lang='lat' dir='ltr'><strong>amnes</strong></span> <span class='ocrx_word' id='word_1_171' title='bbox 941 3057 1132 3120; x_wconf 87' lang='lat' dir='ltr'><strong>clusit</strong></span> <span class='ocrx_word' id='word_1_172' title='bbox 1177 3061 1242 3120; x_wconf 90' lang='lat' dir='ltr'><strong>et</strong></span> <span class='ocrx_word' id='word_1_173' title='bbox 1288 3078 1597 3140; x_wconf 89' lang='lat' dir='ltr'><strong>quaerens</strong></span> <span class='ocrx_word' id='word_1_174' title='bbox 1646 3058 1768 3119; x_wconf 91' lang='lat' dir='ltr'><strong>iter</strong></span> 
     </span>
     <span class='ocr_line' id='line_1_31' title="bbox 246 3144 1642 3227; baseline 0 -19"><span class='ocrx_word' id='word_1_175' title='bbox 246 3148 467 3210; x_wconf 89' lang='lat' dir='ltr'><strong>tardus</strong></span> <span class='ocrx_word' id='word_1_176' title='bbox 516 3151 778 3209; x_wconf 89' lang='lat' dir='ltr'><strong>cruento</strong></span> <span class='ocrx_word' id='word_1_177' title='bbox 825 3144 1122 3209; x_wconf 92' lang='lat' dir='ltr'><strong>Xanthus</strong></span> <span class='ocrx_word' id='word_1_178' title='bbox 1170 3147 1406 3209; x_wconf 89' lang='lat' dir='ltr'><strong>erravit</strong></span> <span class='ocrx_word' id='word_1_179' title='bbox 1450 3146 1642 3227; x_wconf 81' lang='lat' dir='ltr'><strong>vad0‚</strong></span> 
     </span>
    </p>
   </div>
   <div class='ocr_carea' id='block_1_5' title="bbox 250 3336 2273 3692">
    <p class='ocr_par' dir='ltr' id='par_1_7' title="bbox 250 3336 2273 3692">
     <span class='ocr_line' id='line_1_32' title="bbox 387 3336 2273 3407; baseline 0.001 -17"><span class='ocrx_word' id='word_1_180' title='bbox 387 3344 485 3392; x_wconf 80' lang='lat'><strong>168</strong></span> <span class='ocrx_word' id='word_1_181' title='bbox 525 3356 671 3393; x_wconf 89' lang='lat' dir='ltr'><strong>cons.</strong></span> <span class='ocrx_word' id='word_1_182' title='bbox 711 3339 871 3392; x_wconf 89' lang='lat' dir='ltr'><strong>uidet</strong></span> <span class='ocrx_word' id='word_1_183' title='bbox 908 3344 952 3391; x_wconf 99' lang='lat' dir='ltr'>A</span> <span class='ocrx_word' id='word_1_184' title='bbox 996 3342 1014 3407; x_wconf 84' lang='grc' dir='ltr'><strong>ΙΙ</strong></span> <span class='ocrx_word' id='word_1_185' title='bbox 1058 3343 1157 3391; x_wconf 85' lang='grc'><strong>164</strong></span> <span class='ocrx_word' id='word_1_186' title='bbox 1196 3354 1367 3405; x_wconf 89' lang='lat' dir='ltr'><strong>quam</strong></span> <span class='ocrx_word' id='word_1_187' title='bbox 1403 3338 1574 3407; x_wconf 87' lang='lat' dir='ltr'><strong>longa</strong></span> <span class='ocrx_word' id='word_1_188' title='bbox 1611 3343 1656 3389; x_wconf 93' lang='lat' dir='ltr'>A</span> <span class='ocrx_word' id='word_1_189' title='bbox 1693 3341 1711 3406; x_wconf 84' lang='grc' dir='ltr'><strong>ΙΙ</strong></span> <span class='ocrx_word' id='word_1_190' title='bbox 1756 3342 1851 3390; x_wconf 91' lang='grc'><strong>167</strong></span> <span class='ocrx_word' id='word_1_191' title='bbox 1894 3336 2063 3391; x_wconf 86' lang='lat' dir='ltr'><strong>effare</strong></span> <span class='ocrx_word' id='word_1_192' title='bbox 2101 3339 2273 3391; x_wconf 87' lang='lat' dir='ltr'><strong>edoce</strong></span> 
     </span>
     <span class='ocr_line' id='line_1_33' title="bbox 250 3409 2273 3480; baseline 0.001 -20"><span class='ocrx_word' id='word_1_193' title='bbox 250 3410 372 3477; x_wconf 86' lang='lat' dir='ltr'><strong>quis</strong></span> <span class='ocrx_word' id='word_1_194' title='bbox 409 3416 451 3463; x_wconf 82' lang='lat' dir='ltr'>E</span> <span class='ocrx_word' id='word_1_195' title='bbox 502 3413 521 3480; x_wconf 81' lang='grc' dir='ltr'><strong>ΙΙ</strong></span> <span class='ocrx_word' id='word_1_196' title='bbox 575 3410 702 3463; x_wconf 75' lang='grc' dir='ltr'><strong>17οὓ</strong></span> <span class='ocrx_word' id='word_1_197' title='bbox 739 3413 893 3464; x_wconf 89' lang='lat' dir='ltr'><strong>ortus</strong></span> <span class='ocrx_word' id='word_1_198' title='bbox 930 3416 975 3462; x_wconf 94' lang='lat' dir='ltr'>A</span> <span class='ocrx_word' id='word_1_199' title='bbox 1020 3413 1039 3479; x_wconf 82' lang='grc' dir='ltr'><strong>ΙΙ</strong></span> <span class='ocrx_word' id='word_1_200' title='bbox 1082 3415 1183 3462; x_wconf 82' lang='grc'><strong>172</strong></span> <span class='ocrx_word' id='word_1_201' title='bbox 1220 3425 1380 3463; x_wconf 88' lang='lat' dir='ltr'><strong>cecos</strong></span> <span class='ocrx_word' id='word_1_202' title='bbox 1417 3411 1485 3462; x_wconf 87' lang='lat' dir='ltr'><strong>tr.</strong></span> <span class='ocrx_word' id='word_1_203' title='bbox 1527 3424 1571 3462; x_wconf 87' lang='lat' dir='ltr'><strong>e.</strong></span> <span class='ocrx_word' id='word_1_204' title='bbox 1604 3409 1639 3462; x_wconf 91' lang='lat' dir='ltr'><strong>i.</strong></span> <span class='ocrx_word' id='word_1_205' title='bbox 1681 3425 1843 3462; x_wconf 87' lang='lat' dir='ltr'><strong>sonos</strong></span> <span class='ocrx_word' id='word_1_206' title='bbox 1881 3413 1925 3460; x_wconf 99' lang='lat' dir='ltr'>A</span> <span class='ocrx_word' id='word_1_207' title='bbox 1970 3411 1995 3478; x_wconf 73' lang='lat' dir='ltr'><strong>u.</strong></span> <span class='ocrx_word' id='word_1_208' title='bbox 2034 3415 2133 3463; x_wconf 87' lang='grc'><strong>176</strong></span> <span class='ocrx_word' id='word_1_209' title='bbox 2170 3426 2273 3463; x_wconf 89' lang='lat' dir='ltr'><strong>nec</strong></span> 
     </span>
     <span class='ocr_line' id='line_1_34' title="bbox 251 3480 2273 3550; baseline -0 -17"><span class='ocrx_word' id='word_1_210' title='bbox 251 3482 368 3535; x_wconf 85' lang='lat' dir='ltr'><strong>sola</strong></span> <span class='ocrx_word' id='word_1_211' title='bbox 401 3482 571 3535; x_wconf 85' lang='lat' dir='ltr'><strong>tellus</strong></span> <span class='ocrx_word' id='word_1_212' title='bbox 609 3484 676 3534; x_wconf 84' lang='lat' dir='ltr'><strong>tr.</strong></span> <span class='ocrx_word' id='word_1_213' title='bbox 717 3487 762 3533; x_wconf 89' lang='lat' dir='ltr'>A</span> <span class='ocrx_word' id='word_1_214' title='bbox 806 3484 825 3550; x_wconf 86' lang='grc' dir='ltr'><strong>ΙΙ</strong></span> <span class='ocrx_word' id='word_1_215' title='bbox 871 3487 965 3534; x_wconf 91' lang='grc'><strong>177</strong></span> <span class='ocrx_word' id='word_1_216' title='bbox 1005 3480 1181 3535; x_wconf 87' lang='lat' dir='ltr'><strong>movit</strong></span> <span class='ocrx_word' id='word_1_217' title='bbox 1217 3482 1450 3550; x_wconf 73' lang='lat' dir='ltr'><strong>Bentley</strong></span> <span class='ocrx_word' id='word_1_218' title='bbox 1488 3483 1506 3550; x_wconf 90' lang='grc' dir='ltr'><strong>ΙΙ</strong></span> <span class='ocrx_word' id='word_1_219' title='bbox 1546 3486 1642 3533; x_wconf 89' lang='grc'><strong>178</strong></span> <span class='ocrx_word' id='word_1_220' title='bbox 1680 3482 1816 3534; x_wconf 86' lang='lat' dir='ltr'><strong>tunc</strong></span> <span class='ocrx_word' id='word_1_221' title='bbox 1854 3497 1927 3533; x_wconf 87' lang='lat' dir='ltr'><strong>sc.</strong></span> <span class='ocrx_word' id='word_1_222' title='bbox 1966 3481 2136 3535; x_wconf 87' lang='lat' dir='ltr'><strong>tellus</strong></span> <span class='ocrx_word' id='word_1_223' title='bbox 2173 3486 2218 3532; x_wconf 92' lang='lat' dir='ltr'>A</span> <span class='ocrx_word' id='word_1_224' title='bbox 2256 3481 2273 3550; x_wconf 80' lang='grc' dir='ltr'>Η</span> 
     </span>
     <span class='ocr_line' id='line_1_35' title="bbox 251 3551 2271 3622; baseline -0 -19"><span class='ocrx_word' id='word_1_225' title='bbox 251 3557 346 3605; x_wconf 73' lang='grc'><strong>182</strong></span> <span class='ocrx_word' id='word_1_226' title='bbox 389 3553 690 3621; x_wconf 77' lang='lat' dir='ltr'><strong>proludens</strong></span> <span class='ocrx_word' id='word_1_227' title='bbox 732 3557 776 3604; x_wconf 98' lang='lat' dir='ltr'>A</span> <span class='ocrx_word' id='word_1_228' title='bbox 841 3555 860 3622; x_wconf 83' lang='grc' dir='ltr'><strong>ΙΙ</strong></span> <span class='ocrx_word' id='word_1_229' title='bbox 921 3558 1016 3606; x_wconf 89' lang='grc'><strong>187</strong></span> <span class='ocrx_word' id='word_1_230' title='bbox 1067 3555 1294 3606; x_wconf 88' lang='lat' dir='ltr'><strong>cruento</strong></span> <span class='ocrx_word' id='word_1_231' title='bbox 1342 3551 1586 3605; x_wconf 88' lang='lat' dir='ltr'><strong>xanthus</strong></span> <span class='ocrx_word' id='word_1_232' title='bbox 1632 3551 1704 3603; x_wconf 77' lang='lat'><strong>13²</strong></span> <span class='ocrx_word' id='word_1_233' title='bbox 1759 3555 2020 3605; x_wconf 85' lang='lat' dir='ltr'><strong>cruentus</strong></span> <span class='ocrx_word' id='word_1_234' title='bbox 2068 3552 2271 3606; x_wconf 81' lang='lat' dir='ltr'><strong>anthus</strong></span> 
     </span>
     <span class='ocr_line' id='line_1_36' title="bbox 256 3625 613 3692; baseline 0.003 -16"><span class='ocrx_word' id='word_1_235' title='bbox 256 3629 338 3688; x_wconf 78' lang='lat' dir='ltr'><strong>(ut</strong></span> <span class='ocrx_word' id='word_1_236' title='bbox 371 3626 502 3692; x_wconf 77' lang='lat' dir='ltr'><em>vid.)</em></span> <span class='ocrx_word' id='word_1_237' title='bbox 541 3625 613 3677; x_wconf 78' lang='lat'><strong>13¹</strong></span> 
     </span>
    </p>
   </div>
  </div>
 </body>
</html>
