2658 4117
392 239 526 304 422
1259 236 1341 290 ΙΝ
1343 234 1558 291 CERTI

389 386 705 468 veloxque
752 405 991 450 sensus.
1084 383 1423 469 coniugem
1470 382 1791 448 thalamos
1835 387 2013 448 toros

388 474 626 538 vidisse
671 478 738 538 te
782 473 1036 537 miraris
1084 473 1388 556 amplexu
1432 472 1586 537 novi

388 563 657 627 haerens
703 563 965 627 mariti?
1011 561 1122 625 sed
1168 565 1432 626 movent
1476 562 1647 626 laeto
1695 561 1797 624 die

388 651 645 734 pulsata
690 651 921 734 palmis
968 652 1231 734 pectora
1282 654 1348 715 et
1391 650 1573 715 fusae
1619 650 1884 715 comae‘?

389 738 693 804 Octaviae
739 740 1007 805 discidia
1051 741 1442 824 planxerunt
1487 760 1702 804 sacros

387 829 559 893 inter
601 832 866 913 penates
910 830 1130 894 fratris
1177 833 1242 892 et
1286 827 1572 911 patrium
1616 828 1836 893 larem.

385 917 497 982 fax
544 918 682 1002 illa,
729 940 922 1001 quam
970 922 1188 983 secuta
1234 939 1328 999 es,
1373 915 1708 1003 Augustae
1755 939 1950 981 manu

381 1006 675 1089 praelata
721 1009 965 1072 clarum
1011 1028 1251 1071 nomen
1294 1005 1539 1070 invidia
1582 1006 1706 1070 tibi

385 1099 645 1179 partum
693 1097 1033 1160 ominatur.
1124 1096 1401 1159 inferum
1449 1095 1630 1159 sedes
1678 1099 1854 1160 toros

386 1184 649 1248 stabiles
694 1185 947 1248 futuros
995 1185 1270 1267 spondet
1313 1187 1609 1248 aeternae
1655 1186 1900 1250 domus.

257 1305 263 1312 ·
384 1273 611 1356 iugulo
661 1273 835 1355 quod
880 1293 1097 1337 ensem
1145 1271 1435 1337 condidit
1480 1272 1782 1357 princeps
1828 1277 2005 1338 tuus:

384 1361 556 1425 bella
601 1361 775 1425 haud
821 1361 1132 1444 movebit,
1178 1382 1337 1445 pace
1384 1362 1496 1426 sed
1538 1362 1781 1427 ferrum
1826 1366 2019 1447 teget.

383 1450 690 1535 recollige
737 1450 1051 1533 animum,
1096 1451 1309 1534 recipe
1356 1451 1699 1534 laetitiam,
1745 1473 1988 1535 precor,

381 1540 616 1603 timore
662 1539 851 1623 pulso
897 1540 1091 1604 redde
1137 1543 1201 1602 te
1248 1540 1552 1605 thalamis
1598 1542 1749 1605 tuis.

382 1644 538 1692 POP.
585 1628 871 1693 Delubra
916 1632 982 1692 et
1026 1650 1166 1692 aras
1211 1632 1430 1712 petere
1478 1630 1785 1694 constitui
1831 1652 2073 1713 sacras,

382 1718 583 1782 caesis
628 1718 814 1781 litare
859 1718 1140 1782 victimis
1185 1739 1426 1782 numen
1473 1719 1691 1802 deum,

380 1809 456 1870 ut
502 1806 843 1889 expientur
886 1807 1097 1873 noctis
1146 1809 1211 1870 et
1257 1806 1470 1870 somni
1515 1807 1727 1871 minae

378 1898 714 1976 terrorque
760 1896 830 1959 in
872 1895 1092 1960 hostes
1137 1895 1356 1959 redeat
1399 1897 1714 1960 attonitus
1760 1916 1953 1960 meos.

380 1985 456 2046 tu
500 1987 653 2047 vota
697 2005 817 2068 pro
864 2005 966 2048 me
1014 1984 1266 2069 suscipe
1314 1988 1379 2048 et
1424 1985 1720 2069 precibus
1767 1985 1893 2068 piis

381 2093 646 2156 superos
692 2074 914 2157 adora,
959 2078 1216 2138 maneat
1259 2078 1336 2138 ut
1379 2095 1680 2157 praesens
1727 2078 1950 2139 status.

1218 2284 1563 2351 CHORVS
1639 2284 1664 2325 ’ἲ

834 2407 905 2475 Si
950 2432 1100 2475 vera
1144 2412 1385 2494 loquax
1428 2411 1602 2475 fama
1638 2410 1949 2475 Tonantis

697 2499 870 2564 furta
916 2503 981 2563 et
1025 2503 1243 2584 gratos
1290 2504 1508 2563 narrat
1552 2521 1799 2564 amores

701 2585 921 2674 (quem
968 2589 1160 2652 modo
1207 2587 1418 2652 Ledae
1463 2590 1768 2673 pressisse
1815 2588 2026 2652 sinum

698 2681 940 2742 tectum
987 2677 1226 2761 plumis
1272 2677 1628 2760 pennisque
1672 2677 1914 2760 ferunt,

697 2764 890 2830 modo
935 2788 1051 2849 per
1096 2766 1328 2829 fluctus
1376 2769 1628 2850 raptam
1673 2765 1981 2849 Europen

696 2859 955 2919 taurum
1000 2859 1183 2940 tergo
1231 2858 1520 2938 portasse
1566 2852 1871 2941 trucem),

699 2964 862 3026 quae
906 2944 1076 3029 regit
1120 2947 1186 3007 et
1231 2965 1404 3009 nunc
1450 2944 1698 3007 deseret
1743 2947 1940 3025 astra,

694 3035 873 3116 petet
918 3032 1279 3115 amplexus,
1324 3031 1652 3115 Poppaea,
1697 3037 1873 3115 tuos,

697 3141 859 3203 quos
907 3124 971 3184 et
1019 3121 1228 3185 Ledae
1275 3120 1593 3205 praeferre
1637 3125 1854 3205 potest

696 3213 761 3273 et
806 3210 954 3293 tibi,
1001 3211 1322 3294 quondam
1372 3210 1477 3274 cui
1523 3210 1785 3273 miranti

2322 670 2426 718 745

2321 1114 2424 1163 750

2317 1558 2419 1607 755

2311 2003 2418 2051 760

2307 2695 2413 2744 765

2305 3137 2411 3186 770

516 3389 623 3437 ⁰748
657 3401 824 3453 rogos
861 3388 907 3435 A
943 3400 1078 3440 corr.
1108 3395 1164 3451 ψ
1192 3387 1211 3454 ΙΙ
1238 3390 1343 3438 ’146
1382 3384 1619 3438 dissidia
1650 3397 1706 3449 ψ
1734 3388 1754 3454 Η
1781 3390 1886 3437 ’160
1923 3386 1981 3439 et
2017 3386 2148 3439 vota
2184 3388 2230 3438 A
2267 3401 2407 3442 corr.

374 3455 599 3510 Gronov
642 3458 662 3523 n
707 3460 806 3508 '161
840 3470 1107 3522 praesens
1144 3458 1327 3509 metus
1366 3459 1412 3506 A
1448 3472 1584 3510 corr.
1615 3456 1883 3511 Bachekr
1918 3456 2166 3526 (Peipers
2204 3456 2409 3512 suadet

370 3526 436 3576 ut
472 3542 527 3592 p.
558 3528 759 3594 metus)
805 3528 824 3594 ΙΙ
869 3531 976 3578 ’162
1011 3525 1220 3594 loquax
1255 3531 1301 3578 A
1338 3526 1540 3595 loquar
1573 3537 1629 3592 ψ
1683 3529 1703 3597 ΙΙ
1757 3532 1863 3580 ’164
1899 3543 2008 3595 que
2046 3530 2092 3580 A
2128 3543 2265 3583 corr.
2293 3539 2351 3593 ψ
2388 3528 2409 3599 ΙΙ

371 3597 477 3645 ’165
515 3593 696 3649 ferum
732 3600 778 3647 A
814 3612 949 3652 corr.
979 3608 1035 3663 ψ
1064 3600 1083 3666 ΙΙ
1110 3602 1215 3650 ’166
1253 3613 1522 3666 europam
1559 3609 1615 3664 ψ
