2658 4117
387 255 518 319 338
1037 256 1095 310 L.
1125 257 1411 310 ANNAEI
1447 256 1773 311 SENECAE

387 420 549 465 Nv'r.
599 400 766 477 Quid
813 402 986 465 istud
1033 405 1130 467 est
1177 402 1349 485 quod
1397 424 1534 466 esse
1581 407 1895 467 secretum
1941 404 2152 487 petis?
2197 411 2200 414 ’

385 508 526 554 DEI.
571 489 725 555 Non
771 492 900 554 tela
946 494 1122 573 sunt,
1168 513 1301 554 11011
1347 513 1549 574 011110,
1594 514 1726 555 11011
1772 493 1941 577 ignis
1988 494 2221 557 minax.

386 596 544 641 NVT.
592 577 922 642 Praestare
967 580 1176 643 fateor
1221 601 1409 662 posse
1455 603 1557 643 me
1603 582 1867 644 tacitam
1913 581 2133 664 fidem,
2309 598 2420 647 480

389 668 444 730 si
492 669 729 732 scelere
776 672 1011 731 careat:
1060 669 1315 732 interim
1364 670 1569 732 scelus
1617 673 1714 733 est
1758 669 1932 734 fides.

386 773 526 819 DEI.
575 754 1010 839 Circumspice
1058 757 1359 841 agedum,
1404 780 1484 821 ne
1533 759 1676 841 quis
1723 780 1955 822 arcana
2000 763 2296 842 occupet,

384 849 760 927 partemque
805 845 874 909 in
922 867 1179 909 omnem
1225 848 1443 910 vultus
1491 847 1819 930 inquirens
1866 851 1984 912 eat.
2212 861 2218 865 ’

382 950 541 996 Nv'r.
590 933 696 996 En
739 934 920 997 locus
968 935 1047 999 ab
1097 935 1273 998 omni
1317 938 1497 999 tutus
1544 935 1809 999 arbitrio
1857 940 2057 1000 vacat.

382 1039 521 1085 DEI.
569 1021 691 1085 Est
738 1023 806 1085 in
849 1026 1098 1086 remoto
1144 1024 1360 1108 regiae
1408 1023 1575 1087 sedis
1620 1025 1766 1088 loco
2304 1042 2412 1089 485

383 1131 612 1174 arcana
656 1111 891 1175 tacitus
937 1115 1158 1174 nostra
1204 1111 1548 1176 defendens
1596 1134 1839 1195 specus.

380 1220 512 1262 non
559 1200 669 1262 ille
713 1200 958 1282 primos
1005 1201 1240 1282 accipit
1287 1202 1454 1263 soles
1498 1201 1709 1284 locus,

379 1309 512 1350 non
559 1288 668 1351 ille
715 1309 917 1369 seros,
963 1309 1110 1352 cum
1155 1290 1367 1352 ferens
1405 1288 1597 1352 Titan
1644 1290 1812 1354 diem

376 1376 619 1440 lassum
664 1376 923 1440 rubenti
967 1377 1203 1461 mergit
1248 1376 1502 1440 Oceano
1548 1379 1791 1463 iugum.

378 1465 514 1528 illic
561 1465 796 1529 amoris
842 1466 1080 1550 pignus
1127 1464 1429 1530 Herculei
1474 1467 1649 1530 latet.
2305 1485 2409 1532 490

378 1554 600 1636 altrix,
643 1554 920 1618 fatebor:
967 1558 1191 1617 auctor
1236 1558 1334 1618 est
1377 1553 1623 1618 Nessus
1670 1557 1825 1620 mali

380 1664 569 1726 quem
618 1643 880 1727 gravida
925 1640 1216 1725 Nephele
1253 1642 1563 1707 Thessalo
1611 1645 1835 1729 genuit
1882 1645 2055 1728 duci,

380 1753 508 1813 qua
552 1730 841 1814 trepidus
888 1733 1075 1795 astris
1123 1732 1348 1795 inserit
1392 1731 1635 1796 Pindus
1682 1737 1875 1815 caput

379 1821 675 1903 ultraque
721 1820 924 1884 nubes
972 1818 1211 1903 Othrys
1259 1821 1526 1885 eductus
1570 1822 1754 1906 riget.

376 1930 653 1991 namque
699 1913 773 1972 ut
819 1909 1120 1973 subactus
1167 1909 1467 1973 Herculis
1514 1911 1696 1973 clava
1739 1908 1984 1973 horridi
2300 1928 2410 1975 495

376 1994 704 2061 Achelous
752 1999 961 2062 omnis
1006 1999 1217 2063 facilis
1265 2000 1335 2063 in
1381 1999 1622 2082 species
1670 1999 1805 2063 dari

374 2086 633 2149 tandem
681 2088 956 2169 peractis
1005 2088 1302 2152 omnibus
1350 2089 1561 2171 patuit
1604 2088 1757 2152 feris

373 2194 633 2255 unoque
679 2178 865 2257 turpe
912 2175 1197 2240 subdidit
1242 2198 1442 2240 cornu
1490 2180 1711 2260 caput,

376 2284 480 2325 me
528 2264 868 2346 coniugem
916 2263 1067 2327 dum
1115 2265 1325 2329 victor
1361 2262 1621 2330 Alcides
1667 2265 1888 2348 habet,

374 2351 707 2434 repetebat
742 2349 973 2436 Argos.
1063 2352 1230 2416 forte
1276 2376 1392 2436 per
1438 2374 1697 2436 campos
1744 2376 1945 2439 vagus
2299 2372 2408 2419 500

374 2438 636 2502 Euenos
684 2440 886 2503 altum
933 2442 1256 2526 gurgitem
1303 2443 1373 2506 in
1419 2446 1690 2526 pontum
1737 2442 1947 2505 ferens

371 2529 518 2680 {231
550 2550 756 2679 paeri}
798 2530 1637 2683 summisrtturbiduslifflvis
1684 2535 1834 2682 egat.

520 2638 645 2680 sire
757 2639 933 2681 essus
979 2640 1056 2681 ve
1120 2641 1284 2684 icem
1333 2642 1403 2683 so
1531 2641 1560 2682 s
1607 2641 1688 2682 va
1758 2641 1786 2682 s

372 2706 653 2789 pretium
698 2707 1022 2791 poposcit3
1067 2729 1297 2790 meque
1345 2709 1472 2771 iam
1520 2707 1708 2771 dorso
1754 2709 1963 2771 ferens

373 2815 503 2876 qua
549 2795 761 2879 iungit
804 2794 1132 2858 hominem
1180 2797 1368 2879 spina
1412 2795 1712 2860 deficiens
1760 2818 1953 2879 equo,
2295 2814 2402 2862 505

370 2882 712 2967 frangebat
756 2884 929 2966 ipsas
974 2884 1260 2949 fluminis
1306 2886 1539 2949 tumidi
1584 2884 1807 2949 minas.

513 3043 618 3091 478
658 3055 791 3093 secr.
821 3039 981 3093 iubes
1018 3046 1064 3092 A
1103 3043 1122 3109 ΙΙ
1166 3046 1272 3094 479
1308 3040 1497 3093 11111100
1533 3046 1579 3094 A
1614 3044 1633 3110 ΙΙ
1673 3046 1781 3094 482
1820 3043 2064 3110 aucupet
2099 3041 2347 3113 Scaliycr
2382 3044 2405 3114 Η

370 3113 474 3161 485
515 3109 662 3163 sedis
693 3111 953 3180 egregiae
985 3111 1109 3165 loco
1137 3115 1182 3163 A
1209 3114 1228 3181 ΙΙ
1254 3116 1362 3164 486
1399 3110 1508 3165 def.
1539 3111 1694 3166 locus
1723 3117 1769 3165 A
1795 3113 1813 3181 ΙΙ
1840 3117 1944 3165 488
1984 3129 2110 3166 011111
2139 3113 2402 3167 auferens

372 3181 610 3246 Richter,
640 3189 766 3249 post
800 3187 905 3234 488
945 3183 1202 3237 lacunam
1237 3184 1433 3237 statuit
1467 3183 1581 3237 Leo
1607 3185 1626 3252 ΙΙ
1661 3189 1767 3236 489
1804 3183 2012 3237 10000111
2048 3186 2137 3306 Δΐ
2167 3183 2318 3237 diem
2355 3191 2400 3236 Ε

367 3254 549 3304 rotam
588 3255 633 3303 A
678 3269 813 3307 corr.
855 3253 940 3306 M.
981 3254 1192 3307 Miiller
1230 3271 1287 3322 ρ.
1326 3258 1401 3306 48
1446 3255 1563 3307 coll.
1602 3271 1649 3308 v.
1693 3258 1799 3307 781
1864 3257 1882 3323 ΙΙ
1943 3259 2049 3307 490
2094 3254 2253 3307 111110
2298 3261 2341 3307 E
2380 3259 2402 3324 Β

368 3326 468 3374 491
503 3322 712 3376 Nessus
751 3325 836 3377 est
874 3327 1070 3377 auctor
1104 3327 1149 3375 A
1212 3327 1231 3393 ΙΙ
1292 3329 1401 3376 498
1437 3324 1620 3378 nefele
1656 3330 1699 3376 E
1736 3325 1914 3379 nubes
1951 3330 1997 3378 A
2060 3328 2078 3393 ΙΙ
2139 3331 2244 3378 493
2283 3342 2400 3392 qua

368 3392 547 3446 celsus
577 3397 622 3445 A
659 3410 771 3461 qua
800 3394 1082 3448 aetherius
1111 3395 1224 3449 Leo
1261 3413 1312 3462 q.
1344 3394 1560 3464 rigidus
1593 3395 1651 3449 Ο.
1678 3395 1953 3460 Rossbach
1980 3399 1999 3465 ΙΙ
2025 3401 2132 3448 494
2161 3396 2397 3450 eductus

364 3462 529 3516 rubet
556 3470 598 3515 Ε
627 3468 646 3533 ΙΙ
671 3470 777 3517 496
807 3481 997 3518 01111100
1017 3470 1063 3516 A
1090 3464 1287 3519 faciles
1317 3466 1583 3534 inspicies
1606 3472 1648 3517 Ε
1677 3468 1695 3533 ΙΙ
1722 3470 1826 3518 498
1855 3466 2035 3535 turpis
2054 3470 2099 3518 A
2125 3469 2144 3535 fl
2174 3473 2270 3519 501
2297 3467 2398 3520 he-

367 3531 543 3584 benus
580 3538 626 3584 A
666 3537 685 3602 ΙΙ
732 3540 836 3587 502
873 3535 1011 3603 ripis
1049 3538 1171 3588 erat
1206 3541 1252 3587 A
1297 3539 1315 3605 ΙΙ
1363 3542 1465 3588 503
1505 3535 1704 3590 solitus
1741 3552 1916 3605 vagus
1954 3544 1996 3589 Ε
2035 3555 2075 3590 s.
2105 3554 2310 3607 vagum
2348 3544 2397 3591 A

365 3617 501 3652 corr.
532 3614 587 3665 ψ
616 3607 635 3669 Η
663 3608 766 3655 504
803 3621 1001 3672 gerens
1039 3607 1271 3674 Bentley
