2658 4117
389 280 515 343 172
1029 280 1087 332 L.
1118 278 1401 332 ANNAEI
1437 277 1761 332 SENECAE

386 426 598 509 ipsum
644 426 862 489 intuor
908 426 1193 488 solemne
1236 427 1644 487 venerantem
1692 444 1939 486 sacrum

386 516 565 579 nullo
611 516 781 577 latus
829 515 1172 578 comitante
1220 548 1303 558 --
1354 511 1509 594 quid
1554 511 1853 576 dubitas?
1899 511 2074 575 dedit
2295 527 2403 574 495

386 607 641 686 tempus
686 605 1027 685 locumque
1073 623 1281 666 ossus:
1327 601 1636 665 utendum
1682 601 1942 664 artibus.

387 692 823 774 trepidamus?
869 692 1043 755 haud
1088 695 1185 755 est
1228 691 1416 753 facile
1462 690 1832 754 mandatum
1879 690 2084 754 scelus

388 782 642 864 audere,
687 803 908 844 verum
954 781 1128 844 iussa
1177 780 1287 862 qui
1332 779 1502 864 regis
1547 779 1760 861 timet,

388 871 666 953 deponat
712 892 899 934 omne
946 873 1010 933 et
1055 871 1254 952 pellat
1299 890 1380 931 ex
1425 868 1640 931 animo
1688 868 1902 931 decus:

388 960 594 1022 malus
641 963 737 1023 est
781 959 1073 1022 minister
1115 958 1277 1043 regii
1323 956 1576 1040 imperii
1622 957 1844 1040 pudor.
2299 971 2408 1018 430

522 1136 703 1181 ΗΙΡΡ.
752 1117 918 1193 Quid
963 1118 1091 1182 huo
1137 1117 1369 1181 seniles
1414 1116 1583 1180 fessa
1627 1115 1873 1179 moliris
1920 1116 2178 1200 gradus,

391 1229 427 1272 o
474 1208 603 1271 fida
646 1208 890 1289 nutrix,
935 1207 1258 1270 turbidam
1302 1206 1581 1269 frontem
1630 1224 1856 1289 gerens

390 1300 454 1360 et
498 1300 743 1360 maesta
785 1297 1013 1359 vultu?
1061 1315 1280 1378 sospes
1326 1299 1428 1358 est
1470 1298 1639 1358 certe
1683 1314 1911 1376 parens

390 1406 736 1468 sospesque
781 1383 1069 1448 Phaedra
1114 1384 1336 1467 stirpis
1382 1387 1448 1446 et
1491 1383 1783 1468 geminae
1829 1382 2096 1468 iugum?

390 1492 596 1537 NVTR.
625 1473 836 1537 Metus
864 1473 1137 1537 remitte.
1210 1491 1518 1556 prospero
1545 1493 1815 1556 regnum
1846 1473 1914 1534 in
1942 1474 2113 1534 statu
2141 1474 2237 1534 est
2302 1485 2407 1533 435

391 1563 744 1645 domusque
789 1563 1024 1626 florens
1070 1565 1242 1625 sorte
1286 1561 1462 1626 felici
1507 1562 1698 1646 viget.

392 1652 501 1716 sed
545 1656 618 1715 tu
665 1651 870 1715 beatis
916 1651 1136 1715 mitior
1179 1650 1372 1713 rebus
1407 1650 1580 1713 veni:

390 1763 666 1824 namque
714 1742 967 1804 anxiam
1013 1761 1117 1803 me
1162 1759 1316 1803 eura
1362 1740 1670 1802 sollicitat
1714 1740 1838 1820 tui,

393 1830 564 1913 quod
608 1833 672 1893 te
719 1830 856 1912 ipse
900 1830 1127 1913 poenis
1174 1828 1476 1914 gravibus
1523 1828 1791 1891 infestus
1838 1828 2075 1891 domas.

393 1942 582 2002 quem
627 1919 760 1982 fata
807 1921 1074 2002 cogunt,
1120 1918 1229 1981 ille
1277 1938 1423 1982 eum
1469 1918 1657 1980 venia
1701 1920 1798 1979 est
1843 1916 2060 1998 miser3
2299 1929 2411 1977 440

392 2011 459 2072 at
504 2009 558 2071 si
605 2007 747 2091 quis
794 2007 964 2072 ultro
1013 2029 1079 2071 se
1124 2007 1310 2072 malis
1359 2006 1546 2070 offert
1591 2007 1811 2070 volens

393 2118 586 2178 seque
632 2098 770 2179 ipse
814 2100 1101 2179 torquet,
1147 2096 1407 2178 perdere
1454 2099 1551 2159 est
1597 2095 1831 2179 dignus
1878 2094 2046 2158 bona

395 2186 537 2268 quis
582 2185 788 2248 nescit
831 2186 944 2248 uti.
1036 2186 1252 2268 potius
1301 2205 1614 2247 annorum
1659 2204 1906 2247 memor

392 2277 672 2338 mentem
715 2275 957 2336 relaxa:
1003 2273 1301 2337 noctibus
1348 2273 1528 2336 festis
1574 2272 1779 2336 facem

393 2364 642 2447 attolle,
689 2383 871 2425 ouras
916 2361 1206 2426 Bacchus
1253 2366 1556 2425 exoneret
1601 2381 1852 2446 graves3
2304 2375 2410 2423 445

393 2455 600 2516 aetate
643 2451 878 2514 fruere:
926 2451 1154 2514 mobili
1199 2471 1387 2514 eursu
1431 2451 1616 2536 fugit.

392 2562 563 2605 nunc
606 2540 795 2604 facile
839 2544 1090 2623 peetus,
1137 2543 1320 2625 grata
1364 2560 1536 2602 nunc
1581 2540 1797 2602 iuveni
1842 2538 2088 2602 Venus:

394 2631 638 2693 exultet
682 2629 950 2692 animus.
1042 2650 1157 2693 eur
1199 2632 1344 2692 toro
1390 2627 1585 2691 viduo
1632 2627 1843 2693 iaces?

392 2720 642 2783 tristem
689 2719 1014 2781 iuventam
1061 2719 1262 2800 solve3
1307 2739 1479 2781 nune
1527 2736 1749 2781 cursus
1793 2739 1971 2800 rape,

395 2807 646 2872 effunde
690 2805 1000 2889 habenas,
1047 2807 1325 2889 optimos
1372 2807 1541 2870 vitae
1588 2807 1721 2869 dies
2307 2818 2412 2867 450

394 2897 653 2960 effluere
698 2894 983 2979 prohibe.
1074 2896 1336 2980 propria
1380 2895 1718 2979 descripsit
1761 2894 1916 2958 deus

396 2986 611 3050 officia
657 2988 722 3047 et
766 3007 991 3048 aevum
1037 3007 1152 3068 per
1198 3006 1348 3047 suos
1396 2983 1581 3047 duxit
1626 2982 1885 3069 gradus:

393 3075 640 3139 laetitia
686 3075 1007 3156 iuvenem,
1052 3073 1231 3137 frons
1278 3073 1462 3138 decet
1505 3073 1708 3137 tristis
1755 3093 1987 3135 senem.

537 3218 642 3266 498
682 3213 877 3266 audire
905 3218 978 3265 Av
1019 3215 1026 3281 Ι
1058 3213 1209 3266 iusta
1246 3212 1345 3280 qui
1372 3227 1531 3281 reges
1560 3229 1615 3265 ω
1652 3227 1787 3265 corr.
1820 3212 1893 3264 N.
1925 3210 2195 3265 Heinsius
2214 3226 2272 3278 p.
2296 3213 2369 3263 66
2397 3212 2415 3278 u

393 3290 500 3337 429
538 3287 595 3338 et
631 3301 730 3339 om.
762 3302 817 3338 ω
854 3300 989 3338 corr.
1020 3286 1095 3337 N.
1127 3285 1398 3338 Heinsius
1434 3285 1467 3337 l.
1496 3301 1571 3350 w,
1609 3284 1842 3353 Bentley
1881 3284 1901 3351 ΙΙ
1944 3287 2049 3335 433
2084 3281 2277 3336 uultus
2314 3286 2359 3333 A
2393 3282 2415 3350 ss

393 3360 497 3408 438
537 3355 705 3409 anxia
740 3362 782 3408 Ε
817 3358 824 3424 Ι
858 3355 1120 3409 sollititat
1154 3361 1197 3407 Ε
1243 3357 1262 3424 ΙΙ
1310 3360 1417 3408 439
1461 3354 1699 3409 infestus
1736 3368 1939 3423 graues
1974 3358 2020 3405 A
2052 3356 2061 3422 Ι
2094 3354 2232 3420 quid
2267 3355 2326 3407 te
2346 3384 2415 3392 ——

396 3427 626 3480 domas?
663 3427 894 3495 Bentley
955 3429 974 3495 ΙΙ
1037 3431 1142 3479 440
1183 3429 1393 3496 cogunt
1427 3426 1521 3481 hie
1557 3425 1786 3493 quidem
1825 3424 1989 3479 uiuat
2022 3424 2193 3479 miser
2228 3422 2419 3477 Affl-8

395 3498 459 3548 in
492 3515 595 3566 my.
643 3499 660 3565 ΙΙ
706 3501 804 3549 441
841 3496 1089 3565 antiquis
1125 3498 1274 3551 ultro
1310 3503 1354 3549 E
1400 3499 1418 3566 ΙΙ
1465 3502 1568 3550 443
1606 3497 1705 3563 qui
1740 3495 1921 3550 nescit
1956 3508 2012 3563 ψ
2051 3498 2072 3564 ΙΙ
2116 3501 2223 3548 444
2259 3512 2417 3548 mon-

396 3566 568 3688 tibusl
585 3572 630 3619 A
665 3568 911 3691 mlptiibus
949 3585 992 3623 α
1033 3571 1052 3638 u
1095 3574 1199 3621 445
1236 3568 1450 3622 bachus
1487 3576 1530 3622 E
1570 3570 1590 3637 Η
1629 3573 1734 3620 449
1770 3568 1933 3622 luxus
1969 3569 2072 3637 (vel
2106 3568 2284 3637 lusus)
2318 3572 2363 3619 A
2399 3569 2419 3636 ΙΙ

396 3642 492 3689 451
572 3638 710 3690 escri
751 3639 770 3689 i
833 3644 904 3691 Δτ
