2658 4117
1123 251 1428 306 OEDIPVS
2156 253 2197 317 2
2207 253 2287 318 15

263 416 399 461 TIR.
448 396 676 461 Vnone
723 401 956 461 terram
1002 398 1263 462 vulnere
1310 397 1534 461 afflicti
1579 397 1854 481 petunt?
2184 415 2289 465 340

264 504 430 550 MAN.
478 484 755 549 Iuvenca
798 485 968 549 ferro
1017 491 1216 550 semet
1263 486 1566 570 imposito
1613 486 1823 551 induit

267 579 330 640 et
377 576 639 639 vulnere
684 595 812 638 uno
862 575 1115 658 cecidit,
1163 579 1230 639 at
1274 579 1497 639 taurus
1545 576 1703 639 duos

270 686 602 748 perpessus
648 662 815 727 ictus
860 662 989 727 huc
1033 668 1098 728 et
1144 664 1272 729 huc
1317 663 1549 728 dubius
1594 664 1727 727 ruit

272 753 676 836 animamque
722 752 928 815 fessus
975 753 1083 817 vix
1130 752 1550 818 reluctantem
1598 753 1915 836 exprimit.

274 860 403 905 TIR.
451 840 686 905 Vtrum
733 840 968 905 citatus
1014 841 1276 906 vulnere
1321 846 1595 927 angusto
1643 842 1839 906 micat
2186 858 2290 907 345

273 953 349 994 an
395 930 607 994 lentus
656 932 816 994 altas
864 930 1093 1015 irrigat
1137 931 1362 1015 plagas
1409 930 1639 994 cruor?

274 1037 434 1082 MAN.
483 1018 691 1082 Huius
738 1040 853 1102 per
896 1020 1103 1102 ipsam
1150 1041 1276 1102 qua
1322 1023 1502 1103 patet
1546 1023 1770 1103 pectus
1816 1021 1985 1082 viam

276 1109 510 1172 effusus
557 1109 763 1173 amnis
772 1157 790 1190 ,
836 1108 1028 1171 huius
1076 1109 1308 1194 exiguo
1356 1129 1581 1193 graves

273 1199 674 1261 maculantur
718 1196 883 1261 ictus
932 1196 1161 1283 imbre3
1208 1198 1318 1261 sed
1363 1218 1584 1261 versus
1629 1201 1802 1261 retro

273 1308 384 1369 per
430 1307 542 1349 ora
586 1286 828 1350 multus
876 1287 1135 1372 sanguis
1183 1289 1378 1369 atque
1426 1287 1645 1350 oculos
1691 1285 1874 1350 redit.
2190 1302 2292 1351 350

273 1393 405 1439 TIR.
453 1374 742 1438 Infausta
788 1396 1056 1459 magnos
1104 1396 1282 1439 sacra
1326 1379 1619 1439 terrores.
1649 1375 1835 1439 cient.

275 1464 384 1528 sed
429 1463 540 1527 ede
588 1467 792 1527 certas
837 1464 1154 1527 viscerum
1200 1463 1387 1527 nobis
1433 1468 1638 1528 notas,

274 1570 438 1616 MAN.
487 1551 768 1631 Genitor,
816 1552 968 1635 quid
1014 1553 1139 1617 hoc
1185 1552 1322 1616 est‘?
1368 1574 1502 1616 non
1536 1552 1664 1616 levi
1700 1556 1911 1636 motu,
1955 1557 2030 1617 ut
2066 1554 2294 1636 solent,

274 1643 514 1726 agitata
559 1640 884 1724 trepidant
930 1644 1101 1724 exta,
1147 1641 1257 1705 sed
1302 1645 1472 1705 totas
1518 1663 1745 1705 manus

278 1730 577 1813 quatiunt
621 1750 953 1813 novusque
1000 1729 1253 1813 prosilit
1298 1730 1479 1793 venis
1526 1751 1726 1794 cruor.
2192 1745 2295 1794 355

277 1840 389 1882 cor
432 1822 673 1883 marcet
719 1840 981 1904 aegrum
1028 1819 1282 1901 penitus
1331 1839 1405 1882 ac
1449 1840 1730 1882 mersum
1775 1819 1934 1883 latet

275 1907 603 1991 liventque
648 1929 871 1990 venae3
917 1929 1151 1992 magna
1195 1929 1344 1991 pars
1390 1906 1569 1971 fibris
1617 1908 1798 1972 abest

276 2000 341 2061 et
386 1995 536 2061 felle
582 1997 769 2082 nigro
815 1996 1106 2061 tabidum
1152 2001 1409 2080 spumat
1453 1997 1646 2077 iecur,

273 2109 352 2152 ac
400 2084 678 2173 (semper
725 2107 913 2149 omen
956 2087 1148 2150 unico
1196 2086 1466 2170 imperio
1513 2082 1733 2172 grave)

276 2198 356 2239 en
403 2176 612 2258 capita
656 2175 919 2258 paribus
966 2174 1118 2239 bina
1163 2179 1561 2260 consurgunt
1604 2176 1793 2259 toris3
2193 2191 2298 2241 360

277 2263 387 2328 sed
432 2268 776 2346 utrumque
824 2285 1075 2328 caesum
1123 2264 1335 2328 tenuis
1383 2264 1718 2329 abscondit
1764 2268 1957 2347 caput

278 2353 674 2417 membrana:
719 2353 1029 2416 latebram
1074 2353 1265 2416 rebus
1313 2353 1579 2417 occultis
1625 2375 1866 2438 negans

279 2442 513 2506 hostile
556 2441 770 2505 valido
817 2441 1047 2505 robore
1093 2442 1371 2526 insurgit
1416 2443 1583 2506 latus

276 2535 648 2614 septemque
692 2552 885 2594 venas
931 2531 1165 2614 tendit3
1210 2531 1325 2594 has
1376 2530 1585 2594 omnis
1630 2534 1804 2595 retro

277 2619 627 2703 prohibens
673 2619 906 2683 reverti
952 2619 1138 2683 limes
1187 2618 1435 2684 oblicus
1484 2623 1669 2684 secat.
2196 2634 2299 2683 365

278 2712 563 2773 mutatus
613 2708 767 2771 ordo
816 2710 939 2791 est,
986 2708 1130 2771 sede
1176 2707 1270 2770 nil
1317 2708 1578 2792 propria
1624 2709 1813 2790 iacet,

279 2798 392 2861 sed
439 2801 582 2861 acta
626 2800 798 2861 retro
846 2800 1099 2860 cuncta:
1146 2818 1278 2860 non
1323 2797 1573 2861 animae
1620 2818 1819 2880 capax

278 2887 350 2950 in
393 2889 574 2969 parte
622 2885 846 2949 dextra
890 2886 1111 2968 pulmo
1160 2886 1547 2971 sanguineus
1594 2886 1784 2969 iacet,

277 2996 411 3039 non
454 2976 636 3039 laeva
681 2973 858 3038 cordi
901 2975 1079 3057 regio
1090 3024 1107 3056 ,
1152 2995 1285 3038 non
1329 2974 1512 3038 molli
1559 2975 1806 3038 ambitu

284 3067 540 3127 omenta
586 3063 860 3147 pingues
904 3063 1134 3126 visceri
1180 3063 1537 3127 obtendunt
1583 3064 1784 3127 sinus:
2198 3078 2303 3128 370
2354 3123 2359 3128 .

279 3157 510 3216 natura
556 3174 739 3215 versa
784 3155 910 3235 est,
954 3151 1133 3215 nulla
1177 3153 1283 3216 lex
1327 3156 1510 3217 utero
1558 3156 1788 3216 manet.

283 3246 655 3324 scrutemur,
700 3241 869 3304 unde
913 3243 1134 3304 tantus
1180 3241 1287 3305 hic
1334 3241 1499 3305 extis
1545 3240 1738 3325 rigor.

421 3401 518 3451 841
546 3397 805 3466 opposito
830 3401 875 3448 A
902 3396 1162 3466 apposito
1187 3397 1269 3451 vel
1289 3396 1533 3465 impulso
1553 3398 1787 3467 Bentley
1816 3396 1835 3468 ΙΙ
1872 3402 1973 3450 347
2008 3396 2172 3450 uiuus
2204 3397 2308 3466 (vel

277 3468 475 3536 Vnius)
495 3483 596 3537 per
622 3468 657 3521 i.
680 3470 779 3536 ΔτΗ
799 3472 903 3520 352
933 3468 1064 3522 sede
1094 3467 1345 3521 decertas
1365 3474 1407 3520 Ε
1427 3471 1443 3536 ΙΙ
1465 3473 1566 3521 363
1596 3468 1700 3522 hoc
1730 3484 1828 3522 om.
1851 3468 1960 3541 ΔτΙΙ
1985 3472 2087 3520 365
2117 3468 2306 3522 nouis-

280 3556 389 3607 que
404 3544 449 3592 Δ
468 3541 486 3609 n
505 3544 609 3593 364
630 3543 875 3592 omnesA
889 3539 907 3610 Η
923 3544 1026 3592 366
1040 3537 1215 3592 nichil
1230 3557 1281 3607 p.
1304 3538 1544 3593 iacentE
1564 3542 1581 3608 ΙΙ
1602 3544 1703 3593 367
1715 3540 1797 3594 vel
1809 3544 1909 3593 367
1921 3546 1973 3594 et
1988 3544 2090 3593 363
2106 3557 2204 3595 om.
2217 3553 2272 3606 ψ
2286 3540 2307 3613 ΙΙ

284 3616 388 3664 369
416 3610 572 3680 regio
602 3609 785 3664 cordis
805 3614 877 3662 Δτ
894 3611 912 3681 Η
941 3615 1045 3663 370
1069 3609 1342 3663 viscerum
1372 3614 1417 3661 A
1443 3613 1461 3679 ΙΙ
1491 3615 1594 3664 372
1623 3613 1901 3665 scrutetur
1927 3617 2000 3665 Av
2016 3611 2036 3684 ΙΙ
2063 3611 2208 3665 liuor
2223 3616 2299 3665 Av
