2658 4117
361 270 493 334 214
1020 270 1083 325 L.
1109 269 1391 322 ANNAEI
1428 269 1752 324 SENECAE

360 433 494 479 TIR.
550 414 865 479 Vtrumne
915 417 1124 480 clarus
1171 415 1339 500 ignis
1387 418 1452 478 et
1496 416 1737 480 nitidus
1786 417 1963 480 stetit

355 508 703 587 rectusque
750 527 985 587 purum
1031 505 1338 568 verticem
1387 506 1562 569 caelo
1610 506 1762 568 tulit

360 597 424 658 et
472 616 792 658 summam
840 594 908 657 in
955 615 1139 656 auras
1184 593 1367 656 fusus
1413 594 1728 676 explicuit
1772 595 2067 659 comam?

359 704 442 746 an
487 683 692 745 latera
739 683 909 746 circa
955 682 1154 765 serpit
1198 683 1479 746 incertus
1527 683 1668 746 viae

357 776 424 835 et
468 771 822 835 fluctuante
868 770 1164 835 turbidus
1211 771 1392 835 fumo
1439 772 1658 835 labat?

356 877 524 923 MAN.
573 857 727 924 Non
771 882 900 923 una
945 861 1141 924 facies
1189 860 1448 925 mobilis
1495 860 1789 924 flammae
1835 860 1987 925 fuit:

358 948 688 1013 imbrifera
736 949 944 1032 qualis
991 949 1283 1032 implicat
1326 949 1537 1013 varios
1585 950 1711 1013 sibi

357 1036 478 1102 Iris
528 1039 802 1120 colores,
848 1042 1027 1121 parte
1076 1060 1238 1121 quae
1285 1060 1519 1123 magna
1566 1039 1702 1122 poli

357 1131 621 1191 curvata
668 1128 842 1210 picto
890 1127 1146 1190 nuntiat
1191 1126 1447 1190 nimbos
1496 1127 1637 1191 sinu

359 1213 537 1302 (quis
585 1216 749 1279 desit
795 1216 893 1279 illi
939 1216 1129 1298 quive
1178 1216 1263 1279 sit
1309 1216 1562 1280 dubites
1610 1213 1841 1301 color),

359 1303 650 1369 caerulea
695 1305 891 1368 fulvis
939 1305 1142 1368 mixta
1189 1305 1510 1368 oberravit
1554 1306 1753 1388 notis,

358 1393 711 1545 sagguinea
754 1415 1002 1478 rursus3
1022 1394 1281 1495 ‘ultima
1325 1394 1394 1457 in
1433 1393 1733 1546 ffnebgas
1780 1395 1933 1458 abit.

358 1505 424 1547 se
515 1503 661 1546 ecce
707 1505 794 1566 pu
842 1505 970 1545 nax
1016 1504 1186 1568 lgms
1234 1504 1301 1545 m
1348 1505 1430 1565 pa
1496 1504 1561 1546 es
1650 1506 1765 1547 uas

362 1571 633 1636 discedit
677 1575 743 1637 et
789 1504 854 1634 sge
902 1571 1137 1636 scindit
1180 1572 1374 1635 unius
1423 1573 1583 1635 sacri

357 1662 599 1725 discors
645 1659 868 1724 favilla
907 1699 990 1706 —
1031 1660 1300 1745 genitor,
1346 1659 1648 1724 horresco
1697 1661 1977 1725 intuens:

356 1749 559 1815 libata
604 1748 844 1814 Bacchi
892 1750 1059 1814 dona
1104 1752 1432 1833 permutat
1479 1771 1666 1814 cruor

355 1838 688 1921 ambitque
736 1840 969 1902 densus
1017 1840 1265 1923 regium
1310 1839 1527 1902 fumus
1576 1844 1767 1922 caput

356 1929 662 2012 ipsosque
709 1928 877 1992 circa
923 1929 1190 2011 spissior
1236 1928 1453 1991 vultus
1501 1929 1677 1991 sedet

357 2020 422 2081 et
466 2016 636 2081 nube
682 2016 876 2081 densa
921 2017 1243 2081 sordidam
1289 2017 1500 2082 lucem
1547 2016 1808 2082 abdidit.

358 2106 512 2190 quid
561 2106 670 2190 sit,
717 2127 975 2189 parens,
1022 2107 1230 2170 effare.
1333 2144 1336 2148 ν

1149 2213 1281 2258 TIR.
1332 2193 1499 2271 Quid
1544 2195 1666 2259 fari
1715 2217 1943 2278 queam

358 2285 526 2347 inter
570 2284 885 2347 tumultus
932 2284 1164 2346 mentis
1212 2285 1522 2347 attonitae
1568 2286 1813 2369 vagus?

362 2372 669 2455 quidnam
713 2371 985 2454 loquar?
1035 2377 1184 2436 sunt
1229 2373 1393 2456 dira,
1441 2375 1551 2437 sed
1595 2373 1665 2436 in
1709 2375 1841 2437 alto
1887 2375 2081 2458 mala3

359 2460 525 2525 solet
569 2462 666 2523 ira
711 2461 901 2525 certis
946 2463 1285 2525 numinum
1334 2462 1584 2525 ostendi
1629 2462 1828 2526 notis:

362 2549 517 2634 quid
565 2550 739 2614 istud
786 2553 881 2612 est
930 2551 1103 2633 quod
1149 2571 1286 2614 esse
1334 2553 1655 2634 prolatum
1702 2550 1927 2615 volunt

359 2640 721 2722 iterumque
767 2640 999 2703 nolunt
1045 2642 1108 2702 et
1154 2643 1369 2703 truces
1416 2640 1543 2703 iras
1589 2642 1859 2724 tegunt?

357 2729 557 2813 pudet
603 2729 753 2792 deos
799 2728 1013 2791 nescio
1062 2728 1232 2811 quid.
1323 2728 1451 2792 huc
1496 2750 1768 2812 propere
1815 2729 2080 2792 admove

359 2822 422 2881 et
469 2838 700 2902 sparge
747 2816 912 2880 salsa
959 2817 1125 2881 colla
1170 2822 1501 2881 taurorum
1550 2817 1738 2882 mola.

360 2906 695 2991 placidone
740 2905 925 2970 vultu
973 2928 1151 2970 sacra
1198 2911 1261 2970 et
1307 2907 1597 2971 admotas
1650 2928 1875 2970 manus

358 2996 738 3080 patiuntur?

599 3102 764 3148 MAN.
809 3082 1037 3148 Altum
1083 3089 1304 3148 taurus
1354 3084 1655 3148 attollens
1702 3089 1895 3168 caput

358 3175 602 3258 primos
648 3174 728 3236 ad
776 3177 953 3237 ortus
1001 3174 1250 3257 positus
1298 3175 1555 3257 expavit
1603 3174 1770 3237 diem

361 3262 777 3346 trepidusque
825 3264 1073 3326 vultum
1124 3262 1416 3345 obliquat
1462 3268 1525 3326 et
1570 3262 1781 3326 radios
1827 3262 2013 3347 fugit.

2285 522 2391 570 310

2285 966 2389 1015 315

2284 1411 2388 1458 320

2283 1855 2385 1902 325

2281 2390 2384 2437 330

2280 2833 2381 2882 335

503 3424 606 3472 309
642 3422 873 3488 vegetus
903 3421 1133 3489 Bentley
1160 3422 1179 3489 ΙΙ
1208 3424 1304 3472 316
1341 3419 1479 3472 111118
1512 3426 1554 3472 Ε
1582 3421 1600 3488 ΙΙ
1630 3425 1723 3472 318
1763 3419 1960 3487 quisue
1989 3424 2034 3471 A
2061 3421 2080 3488 ΙΙ
2108 3425 2213 3473 320
2251 3420 2384 3474 ulti-

357 3506 511 3541 mum
539 3493 584 3540 A
610 3491 630 3557 ΙΙ
658 3494 763 3543 324
799 3490 967 3543 bachi
994 3496 1036 3542 Ε
1065 3492 1082 3558 ΙΙ
1112 3495 1213 3543 327
1253 3493 1415 3544 tensa
1446 3491 1501 3545 Ο.
1535 3492 1715 3545 Barth
1751 3492 1826 3544 ad
1854 3491 1991 3545 Stat.
2030 3493 2126 3545 Th.
2161 3493 2338 3545 V176
2364 3492 2396 3634 Ν

361 3564 465 3611 329
501 3575 678 3627 uagos
714 3567 760 3612 A
787 3564 805 3629 ΙΙ
834 3566 937 3613 330
975 3579 1025 3629 q.
1058 3577 1259 3629 sequar
1295 3563 1528 3631 Bentley
1564 3564 1582 3629 ΙΙ
1620 3567 1721 3615 333
1762 3578 1886 3615 3138
1925 3566 1998 3613 At
2035 3568 2167 3631 (exc.
2209 3564 2334 3630 Vd.)

364 3632 467 3680 339
507 3628 639 3681 80118
678 3633 734 3684 et
770 3649 812 3684 r.
843 3630 880 3684 f.
911 3637 954 3683 Ε
993 3632 1060 3697 cf.
1097 3633 1363 3687 Gronovii
1398 3640 1584 3688 ‘notam
