2658 4117
363 217 505 281 '1104
1011 217 1071 270 L.
1102 214 1385 270 ANNAEI
1422 215 1746 271 SENECAE

371 361 677 426 doceam?
722 361 1030 445 magister
1074 361 1232 425 iuris
1279 366 1343 425 et
1371 363 1624 426 ‘amoris
1669 362 1763 446 pii
1984 359 1992 368 ’
2070 383 2075 389 ’
2285 379 2389 428 330

373 473 494 537 ego
544 449 728 514 sum‘?
773 471 1062 514 meorum
1108 450 1471 515 facinorum
1515 452 1805 535 exempla
1850 455 2187 536 appetunt,

362 561 475 603 :me
519 560 692 604 nunc
738 543 1066 622 secuntur3
1111 538 1303 603 laudo
1352 543 1416 603 et
1461 561 1737 626 agnosco
1784 538 2018 623 libens,

374 628 695 712 exhortor,
742 627 983 711 aliquid
1027 631 1101 691 ut
1147 631 1331 712 patre
1374 627 1497 693 hoc
1543 629 1809 713 dignum
1856 626 2129 714 geraus

373 717 570 801 agite,
618 738 655 779 o
702 737 989 801 propago
1036 737 1207 800 cara,
1253 738 1629 801 generosam
1674 717 1953 782 indolem

371 804 640 888 probate
684 806 897 889 factis,
945 804 1216 891 gloriam
1263 827 1338 870 ac
1380 806 1600 870 laudes
1646 827 1818 870 meas
2025 826 2027 830 ⁴
2285 823 2389 872 335

374 897 671 977 superate
716 898 782 957 et
827 893 1070 997 aliquid
1114 895 1305 959 facite
1350 900 1613 980 propter
1658 895 1830 979 quod
1874 898 2123 979 patrem

363 982 581 1047 adhuc
626 983 801 1047 iuvet
846 984 1097 1047 vixisse.
1188 983 1465 1066 facietis,
1513 984 1672 1049 scio:
2202 984 2205 985 ⁷

374 1073 467 1136 sic
513 1072 666 1136 estis
714 1072 855 1136 orti.
947 1070 1182 1138 scelere
1228 1072 1493 1158 defungi
1538 1074 1697 1137 haut
1739 1072 1894 1156 levi,

373 1160 535 1224 haut
580 1159 840 1225 usitato
851 1164 1046 1238 tanta
1090 1160 1394 1226 nobilitas
1438 1164 1670 1245 potest.

373 1250 535 1313 ferte
584 1272 784 1334 arma,
828 1235 1075 1313 facibus
1119 1249 1318 1333 pet-lte
1363 1249 1720 1333 penetrales
1769 1250 1920 1314 deos
2286 1267 2391 1315 340

367 1339 753 1422 *frugemque
799 1338 1056 1401 flamma
1100 1338 1321 1402 metite
1368 1337 1600 1405 natalis
1648 1337 1796 1421 soli,

363 1428 635 1491 miscete
682 1430 936 1510 cuncta,
980 1427 1185 1509 rapite
1231 1427 1300 1489 in
1346 1428 1614 1491 exitium
1662 1427 1903 1510 omnia,

375 1515 625 1580 disicite
668 1515 907 1599 passim
955 1516 1234 1599 moenia,
1280 1515 1349 1579 in
1394 1518 1658 1599 planum
1706 1516 1878 1599 date,

373 1605 634 1688 templis
680 1605 831 1668 deos
880 1604 1158 1688 obruite,
1204 1604 1558 1669 maculatos
1605 1605 1772 1668 lares
2192 1680 2193 1683 Ἴ

377 1694 677 1777 conflate,
723 1693 803 1756 ab
850 1692 980 1757 imo
1027 1696 1170 1758 tota·
1210 1692 1501 1759 considat
1548 1694 1802 1777 domus3
2287 1709 2390 1757 345

373 1782 527 1846 urbs
576 1786 1013 1847 concremetur
1056 1819 1145 1828 —
1190 1782 1434 1865 primus
1482 1805 1519 1845 a
1563 1782 1863 1847 thalamis
1913 1782 2072 1847 meis

377 1872 648 1954 incipiat
691 1870 877 1955 ignis.

731 1977 936 2023 NVNT.
984 1958 1173 2022 Mitte
1218 1960 1573 2024 violentum
1619 1961 1929 2045 impetum

381 2047 620 2113 doloris
667 2070 742 2114 ac
786 2052 852 2112 te
897 2047 1155 2132 publica
1199 2052 1464 2113 exorent
1508 2048 1678 2113 mala

371 2140 723 2225 auctorque
766 2136 1053 2219 placidae
1096 2137 1316 2202 liberis
1363 2138 1539 2222 pacis
1593 2139 1755 2202 veni

377 2242 609 2289 OEDIP.
656 2224 853 2288 Vides
899 2226 1220 2290 modestae
1267 2226 1554 2291 deditum
1600 2226 1800 2291 menti
1845 2247 2058 2289 senem
2285 2240 2391 2289 350

374 2313 784 2414 placidaeque
831 2317 1149 2377 amantem
1194 2315 1372 2398 pacis
1420 2315 1499 2379 ad
1543 2320 1758 2399 partes
1803 2313 2035 2379 vocas?

376 2405 584 2465 tumet
629 2403 879 2466 animus
926 2403 1047 2486 ira,
1091 2404 1296 2467 fervet
1341 2405 1688 2468 immensus
1736 2403 1934 2485 dolor,

377 2489 709 2574 maiusque
756 2512 949 2573 quam
995 2492 1166 2592 quod
1214 2513 1395 2556 casus
1443 2496 1505 2556 et
1551 2494 1852 2556 iuvenum
1897 2492 2077 2555 furor
2159 2567 2161 2569 q

379 2583 646 2656 conatur
692 2579 936 2664 aliquid
981 2580 1190 2664 cupio
1280 2602 1414 2644 11011
1459 2581 1613 2645 satis
1661 2584 1761 2645 est
1805 2580 2012 2645 adhuc

368 2667 564 2732 'civile
610 2668 877 2732 bellum:
923 2668 1121 2733 frater
1164 2669 1232 2732 in
1278 2670 1543 2733 fratrem
1588 2673 1759 2754 ruat3
2288 2684 2392 2749 355

376 2779 496 2822 nec
540 2756 666 2821 hoc
712 2761 811 2821 sat
857 2761 977 2820 est:
1026 2758 1198 2841 quod
1245 2759 1457 2842 debet,
1503 2763 1577 2823 ut
1621 2760 1737 2823 fiat
1779 2760 1959 2822 nefas

379 2847 456 2909 de
502 2867 678 2909 more
722 2849 971 2929 nostro,
1019 2847 1190 2930 quod
1234 2869 1412 2912 meos
1460 2847 1678 2912 deceat
1722 2852 1923 2911 toros:

377 2934 522 2998 date
569 2958 747 2998 arma
791 2936 997 2999 matri.
1087 2958 1274 2999 nemo
1321 2960 1424 3000 me
1471 2958 1549 3000 ex
1593 2937 1697 3000 his
1745 2940 1924 2999 eruat
1974 2987 1977 2990 ¹

526 3078 622 3126 331
660 3074 916 3143 exempla
959 3074 1269 3127 facinorum
1307 3079 1353 3126 A
1414 3077 1433 3145 ΙΙ
1496 3080 1601 3128 334
1639 3075 1791 3128 clara
1828 3079 1873 3126 A
1934 3078 1953 3145 11
2002 3080 2119 3148 ,333
2164 3077 2263 3129 aut
2297 3081 2340 3126 Ε
2379 3074 2398 3157 [1

381 3150 488 3198 340
536 3145 817 3214 penetries
861 3151 904 3197 Ε
967 3147 985 3213 ΙΙ
1050 3150 1146 3197 341
1192 3145 1529 3215 frigiamque
1583 3146 1866 3199 flammam
1922 3148 1980 3199 et
2033 3146 2236 3200 eterias
2289 3146 2397 3199 tali

383 3215 490 3270 soli
526 3221 569 3267 E
616 3219 633 3286 ΙΙ
680 3222 784 3269 342
821 3216 1049 3269 exilium
1086 3220 1131 3267 A
1175 3219 1194 3286 ΙΙ
1249 3221 1351 3269 343
1391 3216 1640 3271 dissicite
1677 3223 1720 3269 Ε
1759 3217 1960 3270 discite
1996 3221 2068 3268 At
2111 3234 2222 3272 exe.
2250 3223 2298 3269 B.
2325 3223 2399 3271 10

381 3286 634 3357 (descite)
675 3288 693 3356 ΙΙ
742 3292 842 3340 347
882 3304 998 3340 Am.
1037 3287 1200 3340 mitte
1236 3305 1287 3341 u.
1319 3288 1356 3341 i
1394 3294 1437 3339 Ε
1475 3291 1605 3342 ante
1642 3306 1694 3342 u.
1725 3288 1760 3341 1.
1793 3291 1912 3358 (om.
1942 3288 2124 3358 mitte)
2162 3293 2207 3340 A
2244 3291 2399 3358 (ante

379 3375 446 3411 ex
483 3374 583 3411 om
624 3359 813 3428 Antiq.
851 3360 1070 3413 ‘nomine
1106 3365 1297 3413 ortum
1364 3360 1647 3413 Nuntium
1692 3361 1842 3429 loqui
1877 3360 2035 3415 evicit
2070 3360 2154 3412 M.
2186 3360 2400 3413 Μ’ίίῑῑεν

381 3430 415 3482 l.
445 3430 522 3495 n)
551 3430 569 3497 ΙΙ
598 3433 700 3481 348
731 3428 947 3482 dolores
976 3434 1047 3481 Av
1082 3432 1101 3498 ΙΙ
1129 3434 1232 3482 350
1262 3429 1400 3496 quid
1427 3446 1516 3483 me
1542 3431 1618 3484 N.
1641 3430 1910 3485 Heinsius
1929 3448 1986 3499 p.
2018 3434 2088 3485 53
2114 3432 2132 3499 ΙΙ
2161 3435 2265 3483 352
2292 3430 2396 3483 1111-

381 3514 634 3551 mensum
662 3503 707 3550 A
733 3501 752 3567 ΙΙ
780 3504 883 3553 353
922 3516 1110 3554 0000110
1137 3500 1230 3554 hic
1257 3502 1334 3555 N.
1358 3501 1628 3556 Heinsius
1657 3506 1816 3570 10:54
1843 3505 1862 3572 n
1890 3507 1993 3555 356
2031 3500 2166 3555 satis
2195 3502 2280 3554 est
2307 3507 2350 3553 Ε
2379 3502 2400 3575 Η

382 3573 487 3621 353
524 3570 677 3637 patri
714 3588 768 3623 ω
805 3587 938 3625 corr
974 3572 1193 3627 Gronov
1229 3572 1450 3641 patriae
1486 3574 1756 3643 Bentley
