2658 4117
370 271 500 326 XVI
1177 269 1586 324 PRAEFATIO

370 425 552 483 sionis
599 422 654 481 A
703 424 1135 498 pertractatum
1199 422 1280 480 sit
1349 424 1410 479 et
1462 421 1822 497 perpolitum
1838 466 1853 495 ‚
1917 424 1986 479 ut
2059 421 2392 499 legentibus

368 515 597 572 textum
650 513 1006 587 proponeret
1059 529 1178 568 non
1232 512 1360 568 tam
1422 511 1744 586 genuinum
1804 512 1864 568 et
1921 529 2153 585 verum,
2214 531 2394 586 quam

371 602 607 660 facilem
651 599 960 658 intellectu
1006 602 1067 657 et
1110 598 1451 658 rotundum.
1524 598 1732 675 Neque
1779 598 1994 657 adduci
2030 617 2288 674 possum,
2326 602 2394 658 ut

370 707 572 750 eorum
627 689 955 748 sententiae
1012 689 1327 762 assentiar,
1382 688 1435 746 si
1491 688 1595 762 qui
1639 689 2007 746 noviciorum
2052 688 2393 747 criticorum

368 796 574 855 parem
628 779 867 852 utrique
925 778 1255 835 recensioni
1315 776 1735 834 auctoritatem
1789 775 2208 835 vindicandam
2268 794 2391 835 esse

371 869 664 926 censeant.
711 865 869 924 Nam
903 865 1348 941 interpolatoris
1380 864 1662 924 lectiones
1701 865 1969 940 quisquis
2004 865 2186 940 paulo
2224 883 2393 924 accu-

370 957 557 1016 ratius
615 955 1066 1029 examinaverit,
1124 956 1351 1029 quanta
1406 954 1508 1011 ille
1561 955 1626 1011 in
1681 953 2053 1040 immutanda
2108 953 2185 1012 ad
2238 953 2389 1012 ludi-

368 1046 565 1103 brium
610 1045 861 1102 lectione
908 1042 1156 1102 audacia
1206 1045 1267 1101 et
1311 1042 1560 1101 libidine
1613 1045 1883 1101 versatus
1931 1044 2036 1116 sit,
2090 1061 2210 1101 non
2265 1043 2390 1101 sine

371 1132 764 1192 admiratione
811 1132 1067 1207 quadam
1113 1131 1436 1232 intelleget.

502 1221 629 1280 Nec
683 1238 824 1280 sane
881 1219 1123 1279 difficile
1179 1224 1269 1279 est
1320 1221 1386 1278 in
1441 1220 1526 1278 eis
1573 1238 1727 1296 quae
1774 1219 2103 1297 singularia
2148 1223 2287 1279 sunt
2332 1223 2406 1278 et*

371 1312 709 1385 conspicua,
754 1310 1097 1369 correctoris
1144 1308 1457 1367 audaciam
1504 1327 1871 1386 cognoscere,
1915 1307 2020 1367 sed
2064 1327 2239 1384 saepe
2286 1311 2394 1382 est,

371 1398 475 1457 ubi
521 1398 807 1458 occultior
852 1399 978 1457 eius
1024 1397 1308 1456 sedulitas
1347 1398 1628 1457 lectorem
1662 1417 1876 1473 parum
1911 1397 2265 1474 vigilantem
2301 1398 2392 1455 fu-

372 1489 516 1565 giat.
592 1485 707 1546 Sed
744 1485 1090 1563 diligentius
1133 1488 1258 1545 eius
1304 1486 1661 1545 industriam
1708 1485 2086 1545 observantes
2125 1488 2185 1545 et
2222 1488 2395 1562 quasi

372 1575 770 1636 custodientes
827 1594 946 1634 non
1004 1575 1202 1650 fallet,
1263 1574 1467 1633 dedita
1527 1593 1707 1651 opera
1763 1576 1875 1634 hoc
1935 1595 2071 1634 eum
2128 1577 2396 1635 secutum

373 1683 497 1724 esse
511 1709 527 1739 ,
580 1667 650 1722 ut
705 1665 1053 1724 elocutionis
1109 1667 1171 1723 et
1215 1667 1548 1723 structurae
1594 1663 1977 1723 difficultates
2034 1667 2095 1722 et
2140 1664 2393 1739 exquisi-

370 1755 553 1814 tiores
591 1753 920 1830 elegantias
956 1756 1304 1828 removeret,
1340 1752 1405 1811 id
1448 1771 1592 1828 prae
1630 1754 1841 1812 ceteris
1878 1771 2079 1830 agens,
2116 1755 2185 1810 ut
2220 1753 2394 1811 facile

373 1845 434 1902 et
470 1841 772 1901 commode
806 1841 1147 1919 tragoedias
1184 1843 1399 1900 lecturi
1434 1842 1870 1919 intellegerent.
1944 1841 2061 1915 Sic,
2097 1843 2170 1900 ut
2204 1860 2396 1917 pauca

372 1950 849 2005 commemorem,
911 1931 1130 1990 tmesin
1193 1931 1437 1990 sustulit
1497 1930 1652 1989 Med.
1712 1932 1836 1990 605
1868 1949 1956 2005 sq.
2015 1932 2396 2006 conspicuam

375 2011 611 2102 (rumpe
656 2038 763 2079 nec
809 2037 976 2080 sacro
1022 2019 1283 2080 violente
1329 2022 1537 2079 sancta
1582 2019 1820 2079 foedera
1865 2018 2091 2095 mundi,
2115 2035 2232 2094 pro
2276 2037 2397 2092 qua

372 2112 633 2183 scripsit:
676 2130 723 2167 r.
761 2128 817 2166 n
865 2110 1057 2168 sancti
1110 2109 1372 2168 violente
1425 2108 1634 2167 mundi
1686 2108 1925 2168 foedera
1980 2100 2202 2190 sacra),
2247 2109 2397 2167 item

372 2199 871 2258 constructionem
924 2199 1023 2257 vel
1085 2199 1537 2257 collocationem
1599 2197 1912 2256 verborum
1972 2198 2400 2276 elegantiorem

373 2279 765 2368 (hypallagen
818 2286 921 2345 Hf.
970 2288 1115 2345 475.
1177 2289 1349 2346 1270
1394 2287 1473 2344 Μ.
1514 2287 1660 2345 570.
1716 2288 1851 2345 Τ10.
1893 2286 2036 2345 159.
2088 2286 2209 2345 251
2266 2290 2398 2362 etc.‚

372 2376 700 2434 chiasmum
753 2375 854 2433 Hs.
893 2377 1040 2435 470.
1101 2377 1299 2450 1270,
1354 2375 1726 2452 hyperbaton
1780 2375 1881 2434 Hf.
1923 2376 2078 2451 769,
2132 2377 2396 2453 gemina·

370 2466 594 2523 tionem
647 2463 749 2521 Hf.
799 2465 924 2522 523
980 2465 1060 2522 Μ.
1110 2465 1233 2524 266
1294 2464 1429 2523 Tro,
1480 2467 1515 2522 7
1524 2455 1663 2545 39);
1728 2465 2050 2539 exquisitas
2113 2465 2399 2540 loquendi

372 2552 470 2612 vel
533 2552 911 2612 construendi
968 2554 1257 2613 formulas
1321 2553 1689 2612 facilioribus
1744 2554 2177 2629 compensavit,
2231 2554 2401 2613 velut

371 2641 473 2699 Hs.
527 2643 611 2699 24
674 2643 937 2718 scripsit:
998 2643 1063 2699 in
1126 2643 1292 2701 cuius
1359 2644 1493 2701 ortu
1555 2642 1807 2700 mundus
1871 2641 2166 2718 impendit
2237 2643 2401 2701 diem

366 2747 513 2805 pro:
559 2732 742 2804 ortus,
789 2731 914 2788 213
964 2749 1070 2789 1160
1115 2731 1242 2789 11Π8
1284 2732 1518 2831 requies
1564 2733 1797 2807 tempus
1843 2733 1948 2789 aut
1992 2730 2183 2790 ullum
2218 2731 2402 2789 datur

362 2837 507 2893 pro·
556 2821 757 2893 vacat3
818 2820 946 2877 370
1005 2822 1294 2879 sociemur
1355 2820 1581 2879 animos
1625 2836 1770 2893 pro:
1824 2821 2114 2878 sociemur
2163 2821 2404 2895 811111118,

376 2909 502 2968 438
559 2909 839 2967 caelitum
900 2911 1176 2983 penetrat
1230 2909 1434 2967 domos
1478 2926 1623 2981 pro:
1691 2910 1917 2985 sperat,
1976 2910 2099 2968 916
2167 2909 2400 2969 nobiles

373 2998 578 3056 Dirces
634 3015 819 3072 aquas
864 3014 1008 3071 pro:
1070 2997 1286 3057 nobilis
1350 2997 1569 3056 Dircen
1628 3015 1844 3073 aquae,
1918 2999 2083 3057 1157
2152 3017 2404 3075 exurge,

376 3087 567 3144 victor
615 3104 759 3160 pro:
821 3087 1039 3161 virtue,
1094 3084 1161 3145 O
1202 3086 1328 3145 538
1387 3104 1592 3145 amara
1643 3085 1839 3145 baccis
1884 3102 2029 3158 pro:
2084 3105 2135 3145 8.
2188 3086 2403 3162 118088,

377 3174 505 3233 544
554 3167 784 3255 (arbor)
832 3174 1046 3234 diffiisa
1089 3176 1271 3233 ramis
1296 3193 1443 3249 pro.-
1481 3193 1696 3250 ramos,
1733 3175 1830 3233 Tr.
1863 3176 1989 3235 547
2026 3178 2164 3252 post
2209 3193 2402 3235 annos

376 3263 575 3321 decem
608 3279 754 3337 pro:
788 3282 845 3338 p
883 3265 1105 3323 hiemes
1160 3263 1387 3339 decem,
1442 3264 1565 3322 alia
1618 3264 1880 3323 eiusdem
1936 3266 2166 3341 generis
2219 3265 2403 3322 innu-

373 3370 564 3426 mera,
612 3371 762 3428 quae
808 3353 861 3410 si
905 3354 1038 3428 quis
1094 3355 1425 3413 accuratius
1479 3354 1755 3429 persequi
1799 3353 1987 3427 volet,
2033 3353 2230 3412 fructu
2274 3372 2408 3413 non

376 3441 614 3499 carebit.

510 3528 672 3599 Quae
710 3548 843 3588 cum
879 3532 968 3588 ita
1005 3532 1142 3605 sint,
1177 3532 1367 3590 multo
1407 3549 1545 3590 sane
1583 3530 1910 3607 simplicius
1948 3529 2179 3589 cederet
2215 3548 2413 3606 opera

377 3618 817 3696 tragoediarum
862 3620 1216 3679 recensionis
1262 3623 1322 3679 et
1366 3620 1811 3695 emendationiS,
1857 3622 1909 3679 si
1953 3637 2192 3696 prorsus
2238 3618 2416 3681 abici
