2658 4117
1120 261 1376 315 MEDEA
1558 316 1563 321 ,
2126 261 2253 325 139

1072 458 1417 524 OHORVS

557 584 755 650 Nulla
775 647 784 652 ,
801 586 897 650 vis
942 586 1237 650 flammae
1281 585 1593 649 tumidive
1639 585 1814 648 venti
1924 650 1925 653 ,

555 679 762 757 tanta,
806 697 924 739 nee
970 674 1084 738 teli
1130 672 1473 738 metuenda
1517 674 1700 756 torti,
2155 689 2259 738 580

558 768 797 848 quanta
842 786 986 827 cum
1035 764 1314 826 coniunx
1363 762 1624 827 viduata
1669 762 1870 827 taedis

876 853 1055 918 ardet
1100 856 1165 915 et
1211 852 1373 936 odit3

557 1034 690 1077 non
734 1013 848 1076 ubi
894 1012 1197 1076 hibernos
1242 1011 1593 1076 nebulosus
1639 1012 1876 1077 imbres

558 1100 796 1166 Auster
842 1102 1100 1165 advexit
1144 1104 1572 1184 properatque
1618 1105 1868 1165 torrens

557 1190 779 1254 Hister
825 1195 889 1254 et
933 1191 1185 1254 iunctos
1231 1193 1409 1253 vetat
1456 1212 1592 1255 esse
1637 1194 1883 1273 pontes
2157 1204 2260 1255 585

878 1302 954 1344 ae
998 1301 1200 1364 vagus
1247 1282 1442 1361 errat3

557 1462 689 1504 non
735 1439 847 1502 ubi
892 1439 1169 1522 impellit
1214 1438 1565 1504 Rhodanus
1612 1438 2032 1524 profundum,

560 1532 672 1593 aut
716 1528 829 1592 ubi
874 1529 943 1591 in
987 1528 1161 1592 rivos
1207 1528 1464 1592 nivibus
1513 1529 1742 1593 solutis

560 1617 695 1682 sole
741 1617 870 1681 iam
915 1617 1070 1680 forti
1117 1616 1456 1699 medioque
1502 1641 1648 1682 vere

878 1706 1090 1770 tabuit
1134 1704 1438 1769 Haemus,
2160 1722 2265 1770 590

563 1888 787 1931 caecus
835 1869 932 1929 est
977 1866 1147 1951 ignis
1195 1867 1563 1931 stimulatus
1608 1867 1703 1930 ira

561 1976 680 2020 nee
723 1955 862 2040 regi
908 1958 1089 2019 curat
1132 1956 1456 2039 patiturve
1501 1956 1716 2020 frenos
1754 1968 1758 1973 ’

564 2048 675 2109 aut
720 2044 907 2108 timet
953 2047 1251 2110 mortem:
1300 2046 1480 2130 eupit
1526 2046 1616 2110 ire
1663 2045 1731 2110 in
1777 2044 1953 2130 ipsos

884 2134 1111 2197 obvius
1158 2158 1359 2200 enses.

564 2294 832 2378 parcite,
880 2315 917 2357 0
966 2293 1128 2380 divi,
1175 2296 1429 2360 veniam
1476 2317 1827 2380 precamur,
2164 2310 2267 2359 595

565 2383 740 2446 vivat
785 2386 858 2445 ut
904 2386 1082 2449 tutus
1129 2408 1303 2449 mare
1352 2386 1463 2469 qui
1511 2385 1782 2469 subegit.

566 2471 676 2535 sed
719 2471 879 2535 furit
923 2472 1093 2538 vinci
1139 2474 1438 2538 dominus
1485 2474 1787 2558 profundi

885 2582 1084 2645 regna
1129 2563 1421 2628 secunda.

568 2743 759 2785 ausus
806 2723 1096 2787 aeternos
1143 2725 1388 2810 agitare
1436 2746 1656 2788 currus

569 2811 907 2874 immemor
951 2817 1158 2877 metae
1205 2813 1453 2877 iuvenis
1500 2816 1801 2896 paternae
2169 2825 2272 2874 600

571 2921 730 2982 quos
777 2899 929 2981 polo
977 2903 1212 2984 sparsit
1254 2902 1536 2966 furiosus
1583 2902 1765 2988 ignes

889 2991 1027 3075 ipse
1072 2992 1329 3075 recepit.

395 3204 676 3253 579-594
714 3208 904 3256 eaetant
938 3203 1001 3255 in
1042 3203 1303 3257 Thuaneo
1348 3204 1367 3270 11
1414 3207 1518 3255 579
1554 3199 1758 3254 tumidi
1797 3199 1986 3253 euenti
2022 3205 2061 3251 Τ
2107 3196 2276 3251 tumi-

243 3269 424 3338 dique
461 3270 620 3325 uenti
656 3277 702 3324 A
728 3275 747 3340 11
776 3278 879 3325 580
917 3275 1079 3328 tanta
1116 3276 1280 3327 necta
1317 3273 1456 3327 lima
1491 3272 1706 3325 uendat
1740 3274 1820 3326 sic
1846 3277 1885 3323 Τ
1911 3272 1930 3339 11
1960 3275 2056 3322 581
2091 3268 2275 3323 taedis

241 3359 350 3397 om.
381 3347 420 3393 Τ
455 3344 475 3412 11
512 3347 615 3395 583
653 3342 943 3398 nubilosus
981 3351 1020 3397 Τ
1056 3347 1074 3414 11
1112 3350 1215 3397 584
1254 3344 1452 3399 aduxit
1487 3350 1526 3396 Τ
1554 3347 1572 3413 11
1615 3347 1717 3395 585
1757 3344 1986 3396 cunctos
2023 3347 2062 3393 Τ
2094 3341 2103 3410 1
2135 3342 2277 3409 e(sse

247 3415 451 3481 pontes
488 3416 611 3482 om.)
650 3420 689 3466 Τ
743 3417 762 3484 11
816 3420 921 3469 586
959 3419 1080 3471 erat
1117 3422 1156 3468 Τ
1210 3418 1229 3484 11
1284 3422 1386 3469 587
1423 3415 1525 3469 ubi
1561 3414 1726 3483 pellit
1761 3421 1804 3467 E
1840 3412 1941 3467 ubi
1977 3411 2149 3482 pullit
2184 3417 2223 3463 Τ
2259 3413 2280 3480 11

247 3483 540 3542 maforte
585 3503 652 3540 ex
688 3486 850 3541 fortis
887 3494 926 3540 Τ
976 3490 998 3557 11
1054 3492 1158 3539 590
1194 3487 1384 3540 tabuit
1428 3486 1653 3541 themus
1682 3492 1721 3537 Τ
1771 3488 1793 3555 11
1848 3490 1950 3538 593
1989 3483 2143 3537 haud
2179 3488 2226 3536 Δ
2266 3483 2274 3554 1

249 3553 503 3624 cupit-‘in
529 3575 637 3612 ras.
661 3574 749 3625 pr.
772 3576 839 3612 m.
871 3565 910 3611 Τ
937 3562 955 3628 11
984 3564 1086 3611 597
1119 3561 1208 3612 sat
1233 3558 1271 3612 f.
1305 3560 1390 3612 M.
1415 3559 1626 3612 Mamer
1653 3558 1753 3611 Ph.
1778 3574 1836 3625 p.
1864 3560 1980 3611 266
2006 3558 2025 3625 11
2053 3559 2158 3608 599
2186 3570 2279 3608 ae-

253 3627 413 3680 terno
454 3627 725 3698 sagittare
761 3635 804 3681 Ε
