<?xml version="1.0" encoding="UTF-8"?>
<!DOCTYPE html PUBLIC "-//W3C//DTD XHTML 1.0 Transitional//EN"
    "http://www.w3.org/TR/xhtml1/DTD/xhtml1-transitional.dtd">
<html xmlns="http://www.w3.org/1999/xhtml" xml:lang="en" lang="en">
 <head>
  <title>
</title>
<meta http-equiv="Content-Type" content="text/html;charset=utf-8" />
  <meta name='ocr-system' content='tesseract 3.04.00' />
  <meta name='ocr-capabilities' content='ocr_page ocr_carea ocr_par ocr_line ocrx_word'/>
</head>
<body>
  <div class='ocr_page' id='page_1' title='image "./senecaetragoedi00senegoog_0350.png"; bbox 0 0 2658 4117; ppageno 0'>
   <div class='ocr_carea' id='block_1_1' title="bbox 361 230 1744 296">
    <p class='ocr_par' dir='ltr' id='par_1_1' title="bbox 361 230 1744 296">
     <span class='ocr_line' id='line_1_1' title="bbox 361 230 1744 296; baseline -0.007 0"><span class='ocrx_word' id='word_1_1' title='bbox 361 232 492 296; x_wconf 80' lang='grc'>298</span> <span class='ocrx_word' id='word_1_2' title='bbox 1007 231 1066 284; x_wconf 90' lang='lat' dir='ltr'>L.</span> <span class='ocrx_word' id='word_1_3' title='bbox 1097 230 1381 284; x_wconf 87' lang='lat' dir='ltr'>ANNAEI</span> <span class='ocrx_word' id='word_1_4' title='bbox 1418 231 1744 286; x_wconf 84' lang='lat' dir='ltr'>SENECAE</span> 
     </span>
    </p>
   </div>
   <div class='ocr_carea' id='block_1_2' title="bbox 287 375 2398 3300">
    <p class='ocr_par' dir='ltr' id='par_1_2' title="bbox 358 375 1651 460">
     <span class='ocr_line' id='line_1_2' title="bbox 358 375 1651 460; baseline 0 -19"><span class='ocrx_word' id='word_1_5' title='bbox 358 379 501 442; x_wconf 93' lang='lat' dir='ltr'>loro</span> <span class='ocrx_word' id='word_1_6' title='bbox 548 381 804 441; x_wconf 90' lang='lat' dir='ltr'>tenetur</span> <span class='ocrx_word' id='word_1_7' title='bbox 839 375 1085 440; x_wconf 85' lang='lat' dir='ltr'><strong>Vmber</strong></span> <span class='ocrx_word' id='word_1_8' title='bbox 1128 397 1204 440; x_wconf 93' lang='lat' dir='ltr'>ac</span> <span class='ocrx_word' id='word_1_9' title='bbox 1248 398 1469 460; x_wconf 90' lang='lat' dir='ltr'>presso</span> <span class='ocrx_word' id='word_1_10' title='bbox 1516 378 1651 441; x_wconf 83' lang='lat' dir='ltr'>vias</span> 
     </span>
    </p>

    <p class='ocr_par' dir='ltr' id='par_1_3' title="bbox 360 466 1785 548">
     <span class='ocr_line' id='line_1_3' title="bbox 360 466 1785 548; baseline 0 -18"><span class='ocrx_word' id='word_1_11' title='bbox 360 470 684 531; x_wconf 87' lang='lat' dir='ltr'>scrutatur</span> <span class='ocrx_word' id='word_1_12' title='bbox 730 487 864 547; x_wconf 87' lang='lat' dir='ltr'>ore,</span> <span class='ocrx_word' id='word_1_13' title='bbox 911 466 1064 529; x_wconf 91' lang='lat' dir='ltr'>dum</span> <span class='ocrx_word' id='word_1_14' title='bbox 1111 466 1339 548; x_wconf 87' lang='lat' dir='ltr'>procul</span> <span class='ocrx_word' id='word_1_15' title='bbox 1381 467 1559 530; x_wconf 90' lang='lat' dir='ltr'>lento</span> <span class='ocrx_word' id='word_1_16' title='bbox 1608 488 1785 530; x_wconf 92' lang='lat' dir='ltr'>suem</span> 
     </span>
    </p>

    <p class='ocr_par' dir='ltr' id='par_1_4' title="bbox 358 554 2398 727">
     <span class='ocr_line' id='line_1_4' title="bbox 363 554 2398 638; baseline 0.001 -19"><span class='ocrx_word' id='word_1_17' title='bbox 363 555 557 620; x_wconf 89' lang='lat' dir='ltr'>odore</span> <span class='ocrx_word' id='word_1_18' title='bbox 603 554 824 637; x_wconf 84' lang='lat' dir='ltr'>sentit,</span> <span class='ocrx_word' id='word_1_19' title='bbox 869 557 1052 637; x_wconf 88' lang='lat' dir='ltr'>paret</span> <span class='ocrx_word' id='word_1_20' title='bbox 1098 558 1163 618; x_wconf 91' lang='lat' dir='ltr'>et</span> <span class='ocrx_word' id='word_1_21' title='bbox 1207 555 1406 638; x_wconf 89' lang='lat' dir='ltr'>tacito</span> <span class='ocrx_word' id='word_1_22' title='bbox 1452 556 1668 618; x_wconf 92' lang='lat' dir='ltr'>locum</span> <span class='ocrx_word' id='word_1_23' title='bbox 2291 569 2398 621; x_wconf 94' lang='grc'>500</span> 
     </span>
     <span class='ocr_line' id='line_1_5' title="bbox 358 643 1914 727; baseline 0 -20"><span class='ocrx_word' id='word_1_24' title='bbox 358 648 571 708; x_wconf 89' lang='lat' dir='ltr'>rostro</span> <span class='ocrx_word' id='word_1_25' title='bbox 618 647 926 727; x_wconf 80' lang='lat' dir='ltr'>pererrat3</span> <span class='ocrx_word' id='word_1_26' title='bbox 971 643 1209 727; x_wconf 89' lang='lat' dir='ltr'>praeda</span> <span class='ocrx_word' id='word_1_27' title='bbox 1256 664 1404 707; x_wconf 93' lang='lat' dir='ltr'>cum</span> <span class='ocrx_word' id='word_1_28' title='bbox 1449 644 1717 727; x_wconf 86' lang='lat' dir='ltr'>propior</span> <span class='ocrx_word' id='word_1_29' title='bbox 1759 644 1887 708; x_wconf 81' lang='lat' dir='ltr'>fuit</span> <span class='ocrx_word' id='word_1_30' title='bbox 1896 692 1914 726; x_wconf 84' lang='lat'><em>,</em></span> 
     </span>
    </p>

    <p class='ocr_par' dir='ltr' id='par_1_5' title="bbox 360 732 1719 817">
     <span class='ocr_line' id='line_1_6' title="bbox 360 732 1719 817; baseline 0 -21"><span class='ocrx_word' id='word_1_31' title='bbox 360 733 605 796; x_wconf 84' lang='lat' dir='ltr'>cervice</span> <span class='ocrx_word' id='word_1_32' title='bbox 650 736 789 796; x_wconf 89' lang='lat' dir='ltr'>tota</span> <span class='ocrx_word' id='word_1_33' title='bbox 834 736 1082 816; x_wconf 85' lang='lat' dir='ltr'>pugnat</span> <span class='ocrx_word' id='word_1_34' title='bbox 1127 735 1193 796; x_wconf 89' lang='lat' dir='ltr'>et</span> <span class='ocrx_word' id='word_1_35' title='bbox 1238 732 1485 817; x_wconf 88' lang='lat' dir='ltr'>gemitu</span> <span class='ocrx_word' id='word_1_36' title='bbox 1529 736 1719 796; x_wconf 86' lang='lat' dir='ltr'>vocat</span> 
     </span>
    </p>

    <p class='ocr_par' dir='ltr' id='par_1_6' title="bbox 361 821 1953 904">
     <span class='ocr_line' id='line_1_7' title="bbox 361 821 1953 904; baseline -0.001 -19"><span class='ocrx_word' id='word_1_37' title='bbox 361 822 693 885; x_wconf 90' lang='lat' dir='ltr'>dominum</span> <span class='ocrx_word' id='word_1_38' title='bbox 740 824 1099 884; x_wconf 79' lang='lat' dir='ltr'>morantem</span> <span class='ocrx_word' id='word_1_39' title='bbox 1145 842 1342 903; x_wconf 90' lang='lat' dir='ltr'>seque</span> <span class='ocrx_word' id='word_1_40' title='bbox 1385 821 1688 884; x_wconf 90' lang='lat' dir='ltr'>retinenti</span> <span class='ocrx_word' id='word_1_41' title='bbox 1734 821 1953 904; x_wconf 87' lang='lat' dir='ltr'>eripit:</span> 
     </span>
    </p>

    <p class='ocr_par' dir='ltr' id='par_1_7' title="bbox 358 910 1816 995">
     <span class='ocr_line' id='line_1_8' title="bbox 358 910 1816 995; baseline -0.001 -21"><span class='ocrx_word' id='word_1_42' title='bbox 358 932 507 974; x_wconf 92' lang='lat' dir='ltr'>cum</span> <span class='ocrx_word' id='word_1_43' title='bbox 556 914 771 994; x_wconf 88' lang='lat' dir='ltr'>sperat</span> <span class='ocrx_word' id='word_1_44' title='bbox 814 910 910 973; x_wconf 88' lang='lat' dir='ltr'>ira</span> <span class='ocrx_word' id='word_1_45' title='bbox 956 910 1363 995; x_wconf 85' lang='lat' dir='ltr'>sanguinem,</span> <span class='ocrx_word' id='word_1_46' title='bbox 1407 910 1612 973; x_wconf 89' lang='lat' dir='ltr'>nescit</span> <span class='ocrx_word' id='word_1_47' title='bbox 1656 910 1816 994; x_wconf 80' lang='lat' dir='ltr'>tegi3</span> 
     </span>
    </p>

    <p class='ocr_par' dir='ltr' id='par_1_8' title="bbox 287 996 2394 1171">
     <span class='ocr_line' id='line_1_9' title="bbox 359 996 2394 1085; baseline 0 -22"><span class='ocrx_word' id='word_1_48' title='bbox 359 1003 578 1064; x_wconf 89' lang='lat' dir='ltr'>tamen</span> <span class='ocrx_word' id='word_1_49' title='bbox 622 1002 894 1083; x_wconf 84' lang='lat' dir='ltr'>tegatur.</span> <span class='ocrx_word' id='word_1_50' title='bbox 986 999 1226 1085; x_wconf 85' lang='lat' dir='ltr'>aspice,</span> <span class='ocrx_word' id='word_1_51' title='bbox 1272 1002 1348 1063; x_wconf 91' lang='lat' dir='ltr'>ut</span> <span class='ocrx_word' id='word_1_52' title='bbox 1391 1000 1598 1063; x_wconf 91' lang='lat' dir='ltr'>multo</span> <span class='ocrx_word' id='word_1_53' title='bbox 1645 1000 1858 1084; x_wconf 84' lang='lat' dir='ltr'>gravis</span> <span class='ocrx_word' id='word_1_54' title='bbox 2267 996 2394 1063; x_wconf 77' lang='grc'><strong>’505</strong></span> 
     </span>
     <span class='ocr_line' id='line_1_10' title="bbox 287 1084 1782 1171; baseline -0.001 -19"><span class='ocrx_word' id='word_1_55' title='bbox 287 1084 291 1088; x_wconf 62' lang='grc'><em>’</em></span> <span class='ocrx_word' id='word_1_56' title='bbox 358 1089 657 1171; x_wconf 80' lang='lat' dir='ltr'>squalore</span> <span class='ocrx_word' id='word_1_57' title='bbox 703 1088 920 1150; x_wconf 84' lang='lat' dir='ltr'>vultus</span> <span class='ocrx_word' id='word_1_58' title='bbox 968 1087 1199 1150; x_wconf 89' lang='lat' dir='ltr'>obruat</span> <span class='ocrx_word' id='word_1_59' title='bbox 1244 1091 1522 1151; x_wconf 89' lang='lat' dir='ltr'>maestos</span> <span class='ocrx_word' id='word_1_60' title='bbox 1570 1108 1782 1169; x_wconf 85' lang='lat' dir='ltr'>coma,</span> 
     </span>
    </p>

    <p class='ocr_par' dir='ltr' id='par_1_9' title="bbox 362 1175 2069 1260">
     <span class='ocr_line' id='line_1_11' title="bbox 362 1175 2069 1260; baseline 0 -21"><span class='ocrx_word' id='word_1_61' title='bbox 362 1198 555 1260; x_wconf 89' lang='lat' dir='ltr'>quam</span> <span class='ocrx_word' id='word_1_62' title='bbox 600 1175 790 1239; x_wconf 83' lang='lat' dir='ltr'>foeda</span> <span class='ocrx_word' id='word_1_63' title='bbox 834 1175 1038 1240; x_wconf 88' lang='lat' dir='ltr'>iaceat</span> <span class='ocrx_word' id='word_1_64' title='bbox 1082 1175 1296 1239; x_wconf 91' lang='lat' dir='ltr'>barba.</span> <span class='ocrx_word' id='word_1_65' title='bbox 1390 1179 1750 1258; x_wconf 89' lang='lat' dir='ltr'>praestetur</span> <span class='ocrx_word' id='word_1_66' title='bbox 1793 1176 1949 1240; x_wconf 90' lang='lat' dir='ltr'>fides</span> <span class='ocrx_word' id='word_1_67' title='bbox 1994 1212 2069 1221; x_wconf 90' lang='lat'>-—</span> 
     </span>
    </p>

    <p class='ocr_par' dir='ltr' id='par_1_10' title="bbox 356 1264 1799 1347">
     <span class='ocr_line' id='line_1_12' title="bbox 356 1264 1799 1347; baseline 0 -19"><span class='ocrx_word' id='word_1_68' title='bbox 356 1265 624 1330; x_wconf 83' lang='lat' dir='ltr'>fratrem</span> <span class='ocrx_word' id='word_1_69' title='bbox 670 1265 851 1328; x_wconf 87' lang='lat' dir='ltr'>iuvat</span> <span class='ocrx_word' id='word_1_70' title='bbox 895 1264 1123 1328; x_wconf 79' lang='lat' dir='ltr'>videre.</span> <span class='ocrx_word' id='word_1_71' title='bbox 1217 1266 1592 1347; x_wconf 84' lang='lat' dir='ltr'>complexus</span> <span class='ocrx_word' id='word_1_72' title='bbox 1637 1264 1799 1328; x_wconf 84' lang='lat' dir='ltr'>mihi</span> 
     </span>
    </p>

    <p class='ocr_par' dir='ltr' id='par_1_11' title="bbox 357 1353 1792 1437">
     <span class='ocr_line' id='line_1_13' title="bbox 357 1353 1792 1437; baseline -0.001 -19"><span class='ocrx_word' id='word_1_73' title='bbox 357 1354 552 1418; x_wconf 90' lang='lat' dir='ltr'>redde</span> <span class='ocrx_word' id='word_1_74' title='bbox 599 1353 935 1437; x_wconf 86' lang='lat' dir='ltr'>expetitos.</span> <span class='ocrx_word' id='word_1_75' title='bbox 1029 1353 1337 1435; x_wconf 90' lang='lat' dir='ltr'>quicquid</span> <span class='ocrx_word' id='word_1_76' title='bbox 1382 1353 1621 1416; x_wconf 90' lang='lat' dir='ltr'>irarum</span> <span class='ocrx_word' id='word_1_77' title='bbox 1665 1354 1792 1417; x_wconf 88' lang='lat' dir='ltr'>fuit</span> 
     </span>
    </p>

    <p class='ocr_par' dir='ltr' id='par_1_12' title="bbox 356 1440 2396 1614">
     <span class='ocr_line' id='line_1_14' title="bbox 356 1440 2396 1527; baseline -0.001 -20"><span class='ocrx_word' id='word_1_78' title='bbox 356 1442 711 1526; x_wconf 80' lang='lat' dir='ltr'>transierit3</span> <span class='ocrx_word' id='word_1_79' title='bbox 758 1463 835 1505; x_wconf 85' lang='lat' dir='ltr'>ex</span> <span class='ocrx_word' id='word_1_80' title='bbox 879 1440 1007 1505; x_wconf 92' lang='lat' dir='ltr'>hoc</span> <span class='ocrx_word' id='word_1_81' title='bbox 1052 1442 1313 1527; x_wconf 85' lang='lat' dir='ltr'>sanguis</span> <span class='ocrx_word' id='word_1_82' title='bbox 1361 1462 1437 1505; x_wconf 92' lang='lat' dir='ltr'>ac</span> <span class='ocrx_word' id='word_1_83' title='bbox 1481 1443 1686 1525; x_wconf 89' lang='lat' dir='ltr'>pietas</span> <span class='ocrx_word' id='word_1_84' title='bbox 1733 1443 1835 1507; x_wconf 89' lang='lat' dir='ltr'>die</span> <span class='ocrx_word' id='word_1_85' title='bbox 2290 1457 2396 1505; x_wconf 87' lang='grc'>510</span> 
     </span>
     <span class='ocr_line' id='line_1_15' title="bbox 358 1530 1847 1614; baseline -0.001 -19"><span class='ocrx_word' id='word_1_86' title='bbox 358 1531 672 1614; x_wconf 74' lang='lat' dir='ltr'>colantur,</span> <span class='ocrx_word' id='word_1_87' title='bbox 719 1530 948 1593; x_wconf 89' lang='lat' dir='ltr'>animis</span> <span class='ocrx_word' id='word_1_88' title='bbox 996 1530 1141 1594; x_wconf 91' lang='lat' dir='ltr'>odia</span> <span class='ocrx_word' id='word_1_89' title='bbox 1187 1531 1488 1594; x_wconf 89' lang='lat' dir='ltr'>damnata</span> <span class='ocrx_word' id='word_1_90' title='bbox 1534 1531 1847 1595; x_wconf 85' lang='lat' dir='ltr'>excidant.</span> 
     </span>
    </p>

    <p class='ocr_par' dir='ltr' id='par_1_13' title="bbox 358 1618 2028 1702">
     <span class='ocr_line' id='line_1_16' title="bbox 358 1618 2028 1702; baseline 0 -19"><span class='ocrx_word' id='word_1_91' title='bbox 358 1637 517 1683; x_wconf 84' lang='grc' dir='ltr'><strong>ΤΗΥ.</strong></span> <span class='ocrx_word' id='word_1_92' title='bbox 563 1618 826 1684; x_wconf 80' lang='lat' dir='ltr'>Diluere</span> <span class='ocrx_word' id='word_1_93' title='bbox 870 1640 1127 1702; x_wconf 89' lang='lat' dir='ltr'>possem</span> <span class='ocrx_word' id='word_1_94' title='bbox 1174 1623 1432 1702; x_wconf 83' lang='lat' dir='ltr'>cuncta,</span> <span class='ocrx_word' id='word_1_95' title='bbox 1477 1619 1602 1683; x_wconf 88' lang='lat' dir='ltr'>nisi</span> <span class='ocrx_word' id='word_1_96' title='bbox 1647 1620 1794 1683; x_wconf 91' lang='lat' dir='ltr'>talis</span> <span class='ocrx_word' id='word_1_97' title='bbox 1839 1619 2028 1684; x_wconf 89' lang='lat' dir='ltr'>fores.</span> 
     </span>
    </p>

    <p class='ocr_par' dir='ltr' id='par_1_14' title="bbox 358 1707 1824 1791">
     <span class='ocr_line' id='line_1_17' title="bbox 358 1707 1824 1791; baseline -0.001 -19"><span class='ocrx_word' id='word_1_98' title='bbox 358 1709 471 1772; x_wconf 90' lang='lat' dir='ltr'>sed</span> <span class='ocrx_word' id='word_1_99' title='bbox 514 1709 740 1791; x_wconf 82' lang='lat' dir='ltr'>fateor,</span> <span class='ocrx_word' id='word_1_100' title='bbox 784 1707 1016 1791; x_wconf 85' lang='lat' dir='ltr'>Atreu,</span> <span class='ocrx_word' id='word_1_101' title='bbox 1060 1708 1287 1791; x_wconf 86' lang='lat' dir='ltr'>fateor,</span> <span class='ocrx_word' id='word_1_102' title='bbox 1332 1708 1562 1771; x_wconf 84' lang='lat' dir='ltr'>admisi</span> <span class='ocrx_word' id='word_1_103' title='bbox 1609 1708 1824 1773; x_wconf 87' lang='lat' dir='ltr'>omnia</span> 
     </span>
    </p>

    <p class='ocr_par' dir='ltr' id='par_1_15' title="bbox 359 1796 1906 1881">
     <span class='ocr_line' id='line_1_18' title="bbox 359 1796 1906 1881; baseline 0 -20"><span class='ocrx_word' id='word_1_104' title='bbox 359 1819 523 1880; x_wconf 88' lang='lat' dir='ltr'>quae</span> <span class='ocrx_word' id='word_1_105' title='bbox 570 1796 908 1861; x_wconf 71' lang='lat' dir='ltr'>credidisti.</span> <span class='ocrx_word' id='word_1_106' title='bbox 1001 1797 1345 1881; x_wconf 82' lang='lat' dir='ltr'>pessimam</span> <span class='ocrx_word' id='word_1_107' title='bbox 1394 1817 1650 1860; x_wconf 89' lang='lat' dir='ltr'>causam</span> <span class='ocrx_word' id='word_1_108' title='bbox 1696 1818 1906 1861; x_wconf 92' lang='lat' dir='ltr'>meam</span> 
     </span>
    </p>

    <p class='ocr_par' dir='ltr' id='par_1_16' title="bbox 354 1885 2394 2148">
     <span class='ocr_line' id='line_1_19' title="bbox 354 1885 2394 1969; baseline -0 -20"><span class='ocrx_word' id='word_1_109' title='bbox 354 1885 665 1949; x_wconf 85' lang='lat' dir='ltr'>hodierna</span> <span class='ocrx_word' id='word_1_110' title='bbox 710 1886 917 1968; x_wconf 89' lang='lat' dir='ltr'>pietas</span> <span class='ocrx_word' id='word_1_111' title='bbox 962 1886 1132 1950; x_wconf 89' lang='lat' dir='ltr'>fecit.</span> <span class='ocrx_word' id='word_1_112' title='bbox 1224 1889 1322 1951; x_wconf 88' lang='lat' dir='ltr'>est</span> <span class='ocrx_word' id='word_1_113' title='bbox 1367 1906 1630 1969; x_wconf 89' lang='lat' dir='ltr'>prorsus</span> <span class='ocrx_word' id='word_1_114' title='bbox 1675 1906 1913 1949; x_wconf 91' lang='lat' dir='ltr'>nocens</span> <span class='ocrx_word' id='word_1_115' title='bbox 2289 1898 2394 1948; x_wconf 84' lang='grc'>515</span> 
     </span>
     <span class='ocr_line' id='line_1_20' title="bbox 356 1974 2274 2057; baseline -0.001 -20"><span class='ocrx_word' id='word_1_116' title='bbox 356 1974 747 2057; x_wconf 83' lang='lat' dir='ltr'>quicumque</span> <span class='ocrx_word' id='word_1_117' title='bbox 792 1975 967 2038; x_wconf 83' lang='lat' dir='ltr'>visus</span> <span class='ocrx_word' id='word_1_118' title='bbox 1014 1978 1148 2038; x_wconf 91' lang='lat' dir='ltr'>tam</span> <span class='ocrx_word' id='word_1_119' title='bbox 1195 1975 1367 2039; x_wconf 90' lang='lat' dir='ltr'>bono</span> <span class='ocrx_word' id='word_1_120' title='bbox 1413 1974 1599 2038; x_wconf 88' lang='lat' dir='ltr'>fratri</span> <span class='ocrx_word' id='word_1_121' title='bbox 1644 1977 1741 2038; x_wconf 89' lang='lat' dir='ltr'>est</span> <span class='ocrx_word' id='word_1_122' title='bbox 1785 1994 2041 2039; x_wconf 88' lang='lat' dir='ltr'>nocens.</span> <span class='ocrx_word' id='word_1_123' title='bbox 2271 1991 2274 1992; x_wconf 69' lang='grc'>’</span> 
     </span>
     <span class='ocr_line' id='line_1_21' title="bbox 355 2063 2120 2148; baseline 0 -22"><span class='ocrx_word' id='word_1_124' title='bbox 355 2063 637 2127; x_wconf 85' lang='lat' dir='ltr'>lacrimis</span> <span class='ocrx_word' id='word_1_125' title='bbox 683 2063 1003 2148; x_wconf 88' lang='lat' dir='ltr'>agendum</span> <span class='ocrx_word' id='word_1_126' title='bbox 1049 2068 1172 2127; x_wconf 86' lang='lat' dir='ltr'>est:</span> <span class='ocrx_word' id='word_1_127' title='bbox 1220 2065 1576 2146; x_wconf 85' lang='lat' dir='ltr'>supplicem</span> <span class='ocrx_word' id='word_1_128' title='bbox 1623 2065 1871 2147; x_wconf 89' lang='lat' dir='ltr'>primus</span> <span class='ocrx_word' id='word_1_129' title='bbox 1916 2063 2120 2145; x_wconf 80' lang='lat' dir='ltr'>vides3</span> 
     </span>
    </p>

    <p class='ocr_par' dir='ltr' id='par_1_17' title="bbox 357 2151 1918 2235">
     <span class='ocr_line' id='line_1_22' title="bbox 357 2151 1918 2235; baseline 0 -20"><span class='ocrx_word' id='word_1_130' title='bbox 357 2151 480 2215; x_wconf 87' lang='lat' dir='ltr'>hae</span> <span class='ocrx_word' id='word_1_131' title='bbox 524 2156 589 2215; x_wconf 90' lang='lat' dir='ltr'>te</span> <span class='ocrx_word' id='word_1_132' title='bbox 635 2155 979 2235; x_wconf 86' lang='lat' dir='ltr'>precantur</span> <span class='ocrx_word' id='word_1_133' title='bbox 1023 2152 1293 2235; x_wconf 90' lang='lat' dir='ltr'>pedibus</span> <span class='ocrx_word' id='word_1_134' title='bbox 1341 2153 1618 2216; x_wconf 87' lang='lat' dir='ltr'>intactae</span> <span class='ocrx_word' id='word_1_135' title='bbox 1663 2174 1918 2215; x_wconf 86' lang='lat' dir='ltr'>manus:</span> 
     </span>
    </p>

    <p class='ocr_par' dir='ltr' id='par_1_18' title="bbox 356 2240 1795 2325">
     <span class='ocr_line' id='line_1_23' title="bbox 356 2240 1795 2325; baseline 0.001 -22"><span class='ocrx_word' id='word_1_136' title='bbox 356 2243 637 2325; x_wconf 90' lang='lat' dir='ltr'>ponatur</span> <span class='ocrx_word' id='word_1_137' title='bbox 683 2240 890 2303; x_wconf 85' lang='lat' dir='ltr'>omnis</span> <span class='ocrx_word' id='word_1_138' title='bbox 937 2241 1032 2303; x_wconf 87' lang='lat' dir='ltr'>ira</span> <span class='ocrx_word' id='word_1_139' title='bbox 1077 2245 1142 2305; x_wconf 89' lang='lat' dir='ltr'>et</span> <span class='ocrx_word' id='word_1_140' title='bbox 1189 2263 1268 2304; x_wconf 86' lang='lat' dir='ltr'>ex</span> <span class='ocrx_word' id='word_1_141' title='bbox 1312 2241 1529 2304; x_wconf 86' lang='lat' dir='ltr'>animo</span> <span class='ocrx_word' id='word_1_142' title='bbox 1577 2245 1795 2305; x_wconf 91' lang='lat' dir='ltr'>tumor</span> 
     </span>
    </p>

    <p class='ocr_par' dir='ltr' id='par_1_19' title="bbox 353 2328 2393 2503">
     <span class='ocr_line' id='line_1_24' title="bbox 355 2328 2393 2413; baseline -0.001 -20"><span class='ocrx_word' id='word_1_143' title='bbox 355 2350 574 2393; x_wconf 89' lang='lat' dir='ltr'>erasus</span> <span class='ocrx_word' id='word_1_144' title='bbox 619 2328 824 2392; x_wconf 89' lang='lat' dir='ltr'>abeat.</span> <span class='ocrx_word' id='word_1_145' title='bbox 918 2329 1171 2393; x_wconf 90' lang='lat' dir='ltr'>obsides</span> <span class='ocrx_word' id='word_1_146' title='bbox 1217 2329 1369 2392; x_wconf 90' lang='lat' dir='ltr'>fidei</span> <span class='ocrx_word' id='word_1_147' title='bbox 1415 2330 1633 2413; x_wconf 89' lang='lat' dir='ltr'>accipe</span> <span class='ocrx_word' id='word_1_148' title='bbox 2287 2343 2393 2391; x_wconf 81' lang='lat'>520</span> 
     </span>
     <span class='ocr_line' id='line_1_25' title="bbox 353 2417 2158 2503; baseline -0.001 -22"><span class='ocrx_word' id='word_1_149' title='bbox 353 2417 475 2481; x_wconf 90' lang='lat' dir='ltr'>hos</span> <span class='ocrx_word' id='word_1_150' title='bbox 521 2418 920 2499; x_wconf 86' lang='lat' dir='ltr'>innocentes,</span> <span class='ocrx_word' id='word_1_151' title='bbox 964 2417 1177 2482; x_wconf 86' lang='lat' dir='ltr'>frater.</span> <span class='ocrx_word' id='word_1_152' title='bbox 1267 2432 1423 2481; x_wconf 73' lang='grc' dir='ltr'><strong>ΛΤΒ.</strong></span> <span class='ocrx_word' id='word_1_153' title='bbox 1471 2417 1532 2482; x_wconf 90' lang='lat' dir='ltr'>A</span> <span class='ocrx_word' id='word_1_154' title='bbox 1579 2419 1850 2503; x_wconf 84' lang='lat' dir='ltr'>genibus</span> <span class='ocrx_word' id='word_1_155' title='bbox 1896 2439 2158 2481; x_wconf 94' lang='lat' dir='ltr'>manum</span> 
     </span>
    </p>

    <p class='ocr_par' dir='ltr' id='par_1_20' title="bbox 355 2506 1742 2590">
     <span class='ocr_line' id='line_1_26' title="bbox 355 2506 1742 2590; baseline 0.001 -21"><span class='ocrx_word' id='word_1_156' title='bbox 355 2506 537 2570; x_wconf 88' lang='lat' dir='ltr'>aufer</span> <span class='ocrx_word' id='word_1_157' title='bbox 580 2526 886 2588; x_wconf 88' lang='lat' dir='ltr'>meosque</span> <span class='ocrx_word' id='word_1_158' title='bbox 932 2507 1149 2588; x_wconf 89' lang='lat' dir='ltr'>potius</span> <span class='ocrx_word' id='word_1_159' title='bbox 1196 2508 1531 2590; x_wconf 83' lang='lat' dir='ltr'>amplexus</span> <span class='ocrx_word' id='word_1_160' title='bbox 1577 2510 1742 2590; x_wconf 89' lang='lat' dir='ltr'>pete.</span> 
     </span>
    </p>

    <p class='ocr_par' dir='ltr' id='par_1_21' title="bbox 354 2596 2131 2767">
     <span class='ocr_line' id='line_1_27' title="bbox 354 2596 2131 2679; baseline -0.001 -21"><span class='ocrx_word' id='word_1_161' title='bbox 354 2616 470 2659; x_wconf 85' lang='lat' dir='ltr'>vos</span> <span class='ocrx_word' id='word_1_162' title='bbox 518 2616 802 2679; x_wconf 84' lang='lat' dir='ltr'>quoque,</span> <span class='ocrx_word' id='word_1_163' title='bbox 848 2616 1072 2659; x_wconf 87' lang='lat' dir='ltr'>senum</span> <span class='ocrx_word' id='word_1_164' title='bbox 1118 2596 1461 2679; x_wconf 83' lang='lat' dir='ltr'>praesidia,</span> <span class='ocrx_word' id='word_1_165' title='bbox 1506 2600 1607 2659; x_wconf 90' lang='lat' dir='ltr'>tot</span> <span class='ocrx_word' id='word_1_166' title='bbox 1652 2596 1941 2677; x_wconf 84' lang='lat' dir='ltr'>iuvenes,</span> <span class='ocrx_word' id='word_1_167' title='bbox 1988 2616 2131 2657; x_wconf 88' lang='lat' dir='ltr'>meo</span> 
     </span>
     <span class='ocr_line' id='line_1_28' title="bbox 354 2684 1813 2767; baseline -0.001 -20"><span class='ocrx_word' id='word_1_168' title='bbox 354 2684 630 2767; x_wconf 89' lang='lat' dir='ltr'>pendete</span> <span class='ocrx_word' id='word_1_169' title='bbox 678 2684 865 2747; x_wconf 86' lang='lat' dir='ltr'>collo.</span> <span class='ocrx_word' id='word_1_170' title='bbox 957 2684 1314 2767; x_wconf 89' lang='lat' dir='ltr'>squalidam</span> <span class='ocrx_word' id='word_1_171' title='bbox 1361 2688 1605 2748; x_wconf 86' lang='lat' dir='ltr'>vestem</span> <span class='ocrx_word' id='word_1_172' title='bbox 1652 2705 1813 2747; x_wconf 83' lang='lat' dir='ltr'>exue</span> 
     </span>
    </p>

    <p class='ocr_par' dir='ltr' id='par_1_22' title="bbox 353 2772 2392 3032">
     <span class='ocr_line' id='line_1_29' title="bbox 354 2772 2392 2856; baseline -0 -20"><span class='ocrx_word' id='word_1_173' title='bbox 354 2772 687 2855; x_wconf 91' lang='lat' dir='ltr'>oculisque</span> <span class='ocrx_word' id='word_1_174' title='bbox 732 2773 972 2836; x_wconf 89' lang='lat' dir='ltr'>nostris</span> <span class='ocrx_word' id='word_1_175' title='bbox 1018 2793 1209 2856; x_wconf 92' lang='lat' dir='ltr'>parce</span> <span class='ocrx_word' id='word_1_176' title='bbox 1257 2776 1320 2836; x_wconf 90' lang='lat' dir='ltr'>et</span> <span class='ocrx_word' id='word_1_177' title='bbox 1367 2777 1628 2837; x_wconf 91' lang='lat' dir='ltr'>ornatus</span> <span class='ocrx_word' id='word_1_178' title='bbox 1675 2793 1830 2855; x_wconf 90' lang='lat' dir='ltr'>cape</span> <span class='ocrx_word' id='word_1_179' title='bbox 2285 2785 2392 2835; x_wconf 81' lang='lat'>525</span> 
     </span>
     <span class='ocr_line' id='line_1_30' title="bbox 353 2860 2174 2944; baseline 0.001 -21"><span class='ocrx_word' id='word_1_180' title='bbox 353 2882 540 2943; x_wconf 92' lang='lat' dir='ltr'>pares</span> <span class='ocrx_word' id='word_1_181' title='bbox 587 2861 748 2924; x_wconf 90' lang='lat' dir='ltr'>meis</span> <span class='ocrx_word' id='word_1_182' title='bbox 791 2862 1128 2944; x_wconf 90' lang='lat' dir='ltr'>laetusque</span> <span class='ocrx_word' id='word_1_183' title='bbox 1172 2860 1440 2924; x_wconf 85' lang='lat' dir='ltr'>fraterni</span> <span class='ocrx_word' id='word_1_184' title='bbox 1487 2862 1717 2944; x_wconf 90' lang='lat' dir='ltr'>imperi</span> <span class='ocrx_word' id='word_1_185' title='bbox 2171 2882 2174 2887; x_wconf 63' lang='grc'><strong>“</strong></span> 
     </span>
     <span class='ocr_line' id='line_1_31' title="bbox 358 2949 1975 3032; baseline 0 -20"><span class='ocrx_word' id='word_1_186' title='bbox 358 2968 619 3031; x_wconf 87' lang='lat' dir='ltr'>capesse</span> <span class='ocrx_word' id='word_1_187' title='bbox 665 2953 931 3032; x_wconf 91' lang='lat' dir='ltr'>partem.</span> <span class='ocrx_word' id='word_1_188' title='bbox 1024 2951 1230 3014; x_wconf 90' lang='lat' dir='ltr'>maior</span> <span class='ocrx_word' id='word_1_189' title='bbox 1273 2949 1434 3013; x_wconf 89' lang='lat' dir='ltr'>haec</span> <span class='ocrx_word' id='word_1_190' title='bbox 1475 2950 1617 3014; x_wconf 90' lang='lat' dir='ltr'>laus</span> <span class='ocrx_word' id='word_1_191' title='bbox 1664 2954 1761 3014; x_wconf 90' lang='lat' dir='ltr'>est</span> <span class='ocrx_word' id='word_1_192' title='bbox 1807 2971 1975 3031; x_wconf 83' lang='lat' dir='ltr'>mea,</span> 
     </span>
    </p>

    <p class='ocr_par' dir='ltr' id='par_1_23' title="bbox 351 3036 1855 3121">
     <span class='ocr_line' id='line_1_32' title="bbox 351 3036 1855 3121; baseline 0.001 -21"><span class='ocrx_word' id='word_1_193' title='bbox 351 3036 539 3100; x_wconf 80' lang='lat' dir='ltr'>fratri</span> <span class='ocrx_word' id='word_1_194' title='bbox 584 3042 924 3121; x_wconf 90' lang='lat' dir='ltr'>paternum</span> <span class='ocrx_word' id='word_1_195' title='bbox 970 3038 1230 3103; x_wconf 91' lang='lat' dir='ltr'>reddere</span> <span class='ocrx_word' id='word_1_196' title='bbox 1278 3038 1590 3102; x_wconf 91' lang='lat' dir='ltr'>incolumi</span> <span class='ocrx_word' id='word_1_197' title='bbox 1638 3038 1855 3102; x_wconf 86' lang='lat' dir='ltr'>decus:</span> 
     </span>
    </p>

    <p class='ocr_par' dir='ltr' id='par_1_24' title="bbox 353 3124 1771 3211">
     <span class='ocr_line' id='line_1_33' title="bbox 353 3124 1771 3211; baseline 0.001 -23"><span class='ocrx_word' id='word_1_198' title='bbox 353 3124 589 3189; x_wconf 87' lang='lat' dir='ltr'>habere</span> <span class='ocrx_word' id='word_1_199' title='bbox 633 3147 905 3211; x_wconf 86' lang='lat' dir='ltr'>regnum</span> <span class='ocrx_word' id='word_1_200' title='bbox 953 3148 1136 3192; x_wconf 91' lang='lat' dir='ltr'>casus</span> <span class='ocrx_word' id='word_1_201' title='bbox 1183 3131 1308 3210; x_wconf 85' lang='lat' dir='ltr'>est,</span> <span class='ocrx_word' id='word_1_202' title='bbox 1354 3127 1559 3191; x_wconf 87' lang='lat' dir='ltr'>virtus</span> <span class='ocrx_word' id='word_1_203' title='bbox 1607 3128 1771 3191; x_wconf 89' lang='lat' dir='ltr'>dare.</span> 
     </span>
    </p>

    <p class='ocr_par' dir='ltr' id='par_1_25' title="bbox 354 3213 2393 3300">
     <span class='ocr_line' id='line_1_34' title="bbox 354 3213 2393 3300; baseline 0.001 -24"><span class='ocrx_word' id='word_1_204' title='bbox 354 3232 514 3279; x_wconf 82' lang='grc' dir='ltr'><strong>ΤΗΥ.</strong></span> <span class='ocrx_word' id='word_1_205' title='bbox 561 3213 647 3277; x_wconf 86' lang='grc' dir='ltr'>Ι)1</span> <span class='ocrx_word' id='word_1_206' title='bbox 689 3216 895 3298; x_wconf 89' lang='lat' dir='ltr'>paria,</span> <span class='ocrx_word' id='word_1_207' title='bbox 939 3215 1153 3299; x_wconf 85' lang='lat' dir='ltr'>frater,</span> <span class='ocrx_word' id='word_1_208' title='bbox 1198 3217 1405 3300; x_wconf 89' lang='lat' dir='ltr'>pretia</span> <span class='ocrx_word' id='word_1_209' title='bbox 1451 3237 1569 3299; x_wconf 92' lang='lat' dir='ltr'>pro</span> <span class='ocrx_word' id='word_1_210' title='bbox 1616 3216 1813 3280; x_wconf 89' lang='lat' dir='ltr'>tantis</span> <span class='ocrx_word' id='word_1_211' title='bbox 1859 3215 1981 3279; x_wconf 89' lang='lat' dir='ltr'>tibi</span> <span class='ocrx_word' id='word_1_212' title='bbox 2287 3229 2393 3278; x_wconf 79' lang='grc'>530</span> 
     </span>
    </p>
   </div>
   <div class='ocr_carea' id='block_1_3' title="bbox 352 3369 2393 3654">
    <p class='ocr_par' dir='ltr' id='par_1_26' title="bbox 352 3369 2393 3654">
     <span class='ocr_line' id='line_1_35' title="bbox 496 3369 2393 3442; baseline -0.001 -20"><span class='ocrx_word' id='word_1_213' title='bbox 496 3375 600 3423; x_wconf 82' lang='grc'>498</span> <span class='ocrx_word' id='word_1_214' title='bbox 638 3369 755 3424; x_wconf 87' lang='lat' dir='ltr'>loto</span> <span class='ocrx_word' id='word_1_215' title='bbox 792 3378 835 3423; x_wconf 85' lang='grc' dir='ltr'><strong>Ε</strong></span> <span class='ocrx_word' id='word_1_216' title='bbox 881 3374 900 3440; x_wconf 80' lang='grc'>11</span> <span class='ocrx_word' id='word_1_217' title='bbox 947 3377 1051 3424; x_wconf 82' lang='grc'>504</span> <span class='ocrx_word' id='word_1_218' title='bbox 1089 3372 1267 3441; x_wconf 87' lang='lat' dir='ltr'>spirat</span> <span class='ocrx_word' id='word_1_219' title='bbox 1303 3385 1360 3438; x_wconf 84' lang='grc' dir='ltr'>ψ</span> <span class='ocrx_word' id='word_1_220' title='bbox 1395 3375 1414 3442; x_wconf 85' lang='grc' dir='ltr'>ΙΙ</span> <span class='ocrx_word' id='word_1_221' title='bbox 1457 3377 1557 3425; x_wconf 79' lang='grc'>507</span> <span class='ocrx_word' id='word_1_222' title='bbox 1599 3372 1747 3426; x_wconf 87' lang='lat' dir='ltr'>iacet</span> <span class='ocrx_word' id='word_1_223' title='bbox 1782 3378 1826 3424; x_wconf 79' lang='lat' dir='ltr'>E</span> <span class='ocrx_word' id='word_1_224' title='bbox 1859 3374 1866 3440; x_wconf 88' lang='grc' dir='ltr'>Ι</span> <span class='ocrx_word' id='word_1_225' title='bbox 1899 3373 2221 3440; x_wconf 84' lang='lat' dir='ltr'>praestatur</span> <span class='ocrx_word' id='word_1_226' title='bbox 2256 3373 2330 3420; x_wconf 66' lang='lat' dir='ltr'>At</span> <span class='ocrx_word' id='word_1_227' title='bbox 2375 3372 2393 3438; x_wconf 77' lang='lat' dir='ltr'>n</span> 
     </span>
     <span class='ocr_line' id='line_1_36' title="bbox 354 3441 2392 3512; baseline 0.001 -21"><span class='ocrx_word' id='word_1_228' title='bbox 354 3445 452 3493; x_wconf 84' lang='grc'>516</span> <span class='ocrx_word' id='word_1_229' title='bbox 497 3441 672 3495; x_wconf 73' lang='lat' dir='ltr'>statre</span> <span class='ocrx_word' id='word_1_230' title='bbox 708 3448 751 3494; x_wconf 86' lang='grc' dir='ltr'><strong>Ε</strong></span> <span class='ocrx_word' id='word_1_231' title='bbox 780 3446 798 3511; x_wconf 77' lang='grc' dir='ltr'><strong>Η</strong></span> <span class='ocrx_word' id='word_1_232' title='bbox 828 3448 921 3495; x_wconf 85' lang='grc'>518</span> <span class='ocrx_word' id='word_1_233' title='bbox 960 3442 1200 3511; x_wconf 80' lang='lat' dir='ltr'>pedibus</span> <span class='ocrx_word' id='word_1_234' title='bbox 1238 3443 1430 3497; x_wconf 89' lang='lat' dir='ltr'>iuncte</span> <span class='ocrx_word' id='word_1_235' title='bbox 1467 3447 1541 3494; x_wconf 68' lang='lat' dir='ltr'>Av</span> <span class='ocrx_word' id='word_1_236' title='bbox 1574 3446 1594 3512; x_wconf 84' lang='grc' dir='ltr'>ΙΙ</span> <span class='ocrx_word' id='word_1_237' title='bbox 1631 3449 1729 3497; x_wconf 89' lang='grc'>521</span> <span class='ocrx_word' id='word_1_238' title='bbox 1763 3459 1963 3495; x_wconf 91' lang='lat' dir='ltr'>manus</span> <span class='ocrx_word' id='word_1_239' title='bbox 2001 3447 2047 3494; x_wconf 80' lang='lat' dir='ltr'>A</span> <span class='ocrx_word' id='word_1_240' title='bbox 2073 3445 2091 3512; x_wconf 83' lang='grc' dir='ltr'>ΙΙ</span> <span class='ocrx_word' id='word_1_241' title='bbox 2121 3446 2226 3495; x_wconf 90' lang='grc'>522</span> <span class='ocrx_word' id='word_1_242' title='bbox 2262 3457 2392 3509; x_wconf 87' lang='lat' dir='ltr'>pro·</span> 
     </span>
     <span class='ocr_line' id='line_1_37' title="bbox 352 3461 2392 3629; baseline 0 -67"><span class='ocrx_word' id='word_1_243' title='bbox 352 3526 581 3629; x_wconf 45' lang='lat' dir='ltr'>perus·</span> <span class='ocrx_word' id='word_1_244' title='bbox 550 3513 782 3594; x_wconf 70' lang='lat' dir='ltr'>Bentley</span> <span class='ocrx_word' id='word_1_245' title='bbox 809 3517 828 3583; x_wconf 81' lang='grc' dir='ltr'>ΙΙ</span> <span class='ocrx_word' id='word_1_246' title='bbox 857 3518 962 3566; x_wconf 81' lang='grc'>524</span> <span class='ocrx_word' id='word_1_247' title='bbox 960 3461 1280 3583; x_wconf 84' lang='lat' dir='ltr'>ppendente</span> <span class='ocrx_word' id='word_1_248' title='bbox 1308 3521 1352 3566; x_wconf 85' lang='grc' dir='ltr'><strong>Ε</strong></span> <span class='ocrx_word' id='word_1_249' title='bbox 1380 3517 1399 3583; x_wconf 74' lang='grc' dir='ltr'><strong>Η</strong></span> <span class='ocrx_word' id='word_1_250' title='bbox 1429 3519 1533 3567; x_wconf 84' lang='grc'>526</span> <span class='ocrx_word' id='word_1_251' title='bbox 1571 3513 1765 3583; x_wconf 86' lang='lat' dir='ltr'>quales</span> <span class='ocrx_word' id='word_1_252' title='bbox 1794 3513 1907 3567; x_wconf 90' lang='lat' dir='ltr'>mei</span> <span class='ocrx_word' id='word_1_253' title='bbox 1937 3516 2068 3568; x_wconf 89' lang='lat' dir='ltr'>sunt</span> <span class='ocrx_word' id='word_1_254' title='bbox 2094 3513 2392 3580; x_wconf 87' lang='lat' dir='ltr'>laetusque</span> 
     </span>
     <span class='ocr_line' id='line_1_38' title="bbox 380 3531 2222 3654; baseline 0.005 -23"><span class='ocrx_word' id='word_1_255' title='bbox 380 3582 530 3632; x_wconf 81' lang='lat' dir='ltr'>rater</span> <span class='ocrx_word' id='word_1_256' title='bbox 565 3531 788 3649; x_wconf 82' lang='lat' dir='ltr'>imperii</span> <span class='ocrx_word' id='word_1_257' title='bbox 824 3588 870 3635; x_wconf 80' lang='lat' dir='ltr'>A</span> <span class='ocrx_word' id='word_1_258' title='bbox 896 3586 915 3652; x_wconf 84' lang='grc' dir='ltr'>ΙΙ</span> <span class='ocrx_word' id='word_1_259' title='bbox 944 3589 1046 3638; x_wconf 81' lang='grc'>527</span> <span class='ocrx_word' id='word_1_260' title='bbox 1085 3584 1269 3639; x_wconf 87' lang='lat' dir='ltr'>maior</span> <span class='ocrx_word' id='word_1_261' title='bbox 1303 3585 1412 3639; x_wconf 90' lang='lat' dir='ltr'>hoc</span> <span class='ocrx_word' id='word_1_262' title='bbox 1448 3586 1559 3639; x_wconf 73' lang='grc' dir='ltr'>Μτ)</span> <span class='ocrx_word' id='word_1_263' title='bbox 1608 3586 1707 3654; x_wconf 92' lang='lat' dir='ltr'>(N.</span> <span class='ocrx_word' id='word_1_264' title='bbox 1737 3585 2008 3640; x_wconf 73' lang='lat' dir='ltr'>Heinsius</span> <span class='ocrx_word' id='word_1_265' title='bbox 2036 3588 2222 3654; x_wconf 53' lang='lat'><em>1240)</em></span> 
     </span>
    </p>
   </div>
  </div>
 </body>
</html>
