2658 4117
1070 261 1387 316 ocTAvrA
2109 263 2241 326 413
2343 228 2348 233 ’

214 430 365 477 SEN.
411 410 718 474 Pulcrum
765 408 1042 471 eminere
1089 411 1185 471 est
1229 406 1398 471 inter
1443 408 1724 473 illustres
1770 408 1942 472 viros
1952 458 1970 489 ‚

217 502 549 566 consulere
597 498 869 582 patriae,
914 516 1172 579 parcere
1218 496 1506 579 afflictis,
1550 496 1686 560 fera

213 590 408 655 caede
454 588 772 651 abstinere
818 589 1072 668 tempus
1119 589 1311 668 atque
1358 586 1488 648 irae
1535 586 1711 667 dare,

218 678 362 743 orbi
409 677 718 759 quietem,
765 676 1017 739 saeculo
1066 695 1288 757 pacem
1337 695 1470 757 suo.
2139 688 2243 736 475

217 766 378 831 haec
423 786 673 829 summa
715 764 949 845 virtuS,
996 764 1238 846 petitur
1281 763 1406 827 hac
1452 764 1697 827 caelum
1744 762 1863 826 via.

216 856 314 919 sic
356 856 466 919 ille
512 853 757 937 patriae
804 852 1050 936 primus
1087 851 1421 936 Augustus
1466 873 1697 936 parens

219 945 598 1027 complexus
642 946 814 1006 astra
860 945 957 1005 est
1003 941 1237 1005 colitur
1282 944 1348 1004 et
1396 940 1653 1024 templis
1700 940 1871 1003 deus.

219 1034 405 1097 illum
451 1035 670 1094 tamen
713 1028 999 1094 Fortuna
1043 1029 1306 1094 iactavit
1353 1029 1463 1093 diu

219 1126 391 1186 terra
436 1120 724 1201 marique
770 1141 886 1202 per
931 1139 1155 1202 graves
1201 1119 1357 1182 belli
1402 1119 1602 1200 viceS,
2144 1130 2249 1178 480

217 1210 443 1274 hostes
489 1208 773 1292 parentis
821 1208 1024 1271 (101166
1070 1208 1397 1291 011111666111
1435 1208 1561 1290 sui3

225 1299 347 1362 tibi
392 1319 633 1360 numen
676 1298 1010 1361 incruenta
1056 1298 1378 1360 summisit
1426 1317 1612 1359 suum

222 1392 289 1452 et
334 1386 510 1450 dedit
553 1385 834 1449 habenas
879 1386 1110 1470 imperi
1154 1386 1333 1449 facili
1377 1407 1575 1448 manu

223 1480 515 1558 nutuque
561 1478 763 1537 terras
810 1475 1011 1538 maria
1058 1475 1329 1538 subiecit
1372 1478 1504 1537 tuo.

222 1564 467 1629 invidia
512 1562 715 1625 tristis
762 1563 933 1626 victa
972 1583 1284 1626 consensu
1329 1562 1438 1645 pio
2145 1572 2251 1621 485

224 1652 443 1735 cessit3
493 1654 778 1733 senatus,
825 1652 1060 1732 equitis
1107 1670 1412 1713 accensus
1457 1649 1666 1732 favor3

224 1740 563 1841 plebisque
610 1740 778 1802 votis
823 1742 1018 1822 atque
1063 1738 1299 1801 iudicio
1348 1741 1606 1820 patrum

224 1835 301 1894 tu
347 1829 560 1912 pacis
571 1831 810 1910 auctor,
857 1827 1107 1914 generis
1150 1825 1420 1890 humani
1465 1826 1706 1889 arbiter

225 1919 470 1982 electus
519 1916 738 1979 orbem
785 1916 914 1978 iam
963 1935 1140 1978 sacra
1186 1916 1396 1997 specie
1445 1914 1616 2000 regis

225 2005 474 2090 patriae
520 2025 775 2088 parens:
825 2004 997 2087 quod
1041 2025 1278 2068 nomen
1323 2005 1398 2067 ut
1444 2023 1654 2067 serves
1700 2001 1865 2086 petit
2150 2014 2256 2064 490

230 2115 508 2178 suosque
556 2093 724 2157 cives
771 2092 979 2157 Roma
1026 2093 1430 2157 commendat
1479 2092 1615 2156 tibi.

228 2200 387 2247 NER.
425 2182 661 2246 Munus
709 2183 972 2246 deorum
1019 2186 1142 2264 est,
1188 2182 1328 2265 ipsa
1377 2181 1549 2264 quod
1595 2178 1791 2244 servit
1836 2177 1998 2242 mihi

230 2271 439 2336 Roma
484 2275 547 2335 et
594 2275 851 2335 senatus
899 2270 1199 2353 (1110(1(1116
1245 2271 1324 2334 ab
1372 2270 1592 2333 invitis
1639 2289 1856 2352 preces

227 2360 632 2443 humilesque
678 2381 866 2424 voces
913 2360 1215 2442 exprimit
1258 2359 1464 2422 nostri
1507 2362 1734 2421 metus.

230 2471 483 2513 servare
531 2449 699 2512 cives
743 2449 1023 2531 principi
1072 2452 1135 2512 et
1181 2448 1426 2531 patriae
1472 2468 1724 2532 graves,
2152 2458 2256 2506 495

229 2539 404 2602 claro
452 2541 773 2601 tumentes
821 2558 1051 2623 genere
1099 2559 1283 2619 quae·
1308 2536 1627 2600 dementia
1675 2538 1798 2617 est,

230 2648 375 2690 cum
422 2626 612 2689 liceat
658 2648 785 2688 una
830 2646 986 2690 voce
1034 2629 1365 2709 suspectos
1414 2625 1538 2689 sibi

227 2715 396 2779 mori
442 2713 704 2778 iubere?
749 2713 992 2778 Brutus
1041 2714 1110 2777 in
1155 2714 1410 2777 caedem
1458 2712 1665 2793 ducis,

231 2825 270 2866 6
315 2824 443 2884 (1110
492 2803 763 2866 salutem
810 2803 1072 2886 tulerat,
1120 2802 1392 2866 armavit
1437 2822 1691 2864 manus:

230 2891 509 2956 invictus
555 2892 718 2973 acie,
764 2890 1054 2976 gentium
1102 2890 1399 2972 domitor,
1443 2888 1584 2953 Iovi
2156 2901 2261 2950 500

228 2984 542 3062 aequatus
588 2980 755 3043 altos
801 2981 938 3063 ipse
984 3001 1100 3062 per
1145 2978 1464 3042 honorum
1511 2977 1744 3062 gradus

233 3066 466 3132 Caesar
509 3068 783 3131 nefando
832 3069 1067 3133 civium
1115 3068 1351 3132 scelere
1398 3066 1647 3130 occidit.

380 3264 486 3312 484
522 3258 798 3328 nutuique
833 3260 916 3314 vel
950 3262 1204 3328 nutuque
1241 3264 1286 3312 A
1332 3261 1351 3326 ΙΙ
1394 3264 1497 3311 487
1536 3257 1686 3313 uotis
1724 3259 1940 3328 (uotum
1976 3258 2053 3326 ψ)
2092 3257 2264 3324 atque

231 3330 507 3384 iudicium
534 3332 760 3398 patrum
788 3333 874 3384 est
901 3336 946 3383 A
982 3347 1119 3385 corr.
1150 3331 1383 3400 Lipsius
1409 3333 1427 3401 ΙΙ
1455 3335 1559 3383 489
1597 3329 1786 3383 orbem
1817 3327 2003 3397 specie
2032 3341 2192 3381 sacra
2219 3331 2264 3379 A

232 3418 280 3455 0.
327 3401 608 3484 sapientia
646 3417 805 3455 sacra
840 3413 896 3466 ψ
943 3403 1013 3468 cf.
1052 3403 1164 3471 prs.
1207 3404 1240 3456 Ζ.
1279 3419 1335 3456 n.
1384 3419 1432 3455 o.
1470 3404 1535 3454 tu
1583 3416 1741 3453 sacra
1769 3398 1973 3481 ‘specie
2010 3417 2079 3466 α,
2125 3413 2263 3453 corr.

231 3474 408 3527 Bothe
464 3471 689 3542 (spiritu
744 3488 901 3526 sacro
961 3474 1188 3538 Gruter,
1243 3476 1308 3526 tu
1354 3489 1510 3526 sacro
1568 3469 1823 3553 auspicio
1874 3470 1951 3523 N.
1995 3470 2268 3524 Heinsius

226 3562 282 3613 p.
328 3544 461 3611 468)
490 3545 508 3611 ΙΙ
536 3548 640 3595 495
677 3543 825 3596 viros
863 3548 908 3595 A
944 3560 1078 3598 corr.
1118 3555 1174 3609 ψ
1203 3547 1240 3612 ΙΙ
1250 3549 1354 3597 500
1392 3542 1635 3598 domitor
1670 3541 1926 3612 gentium
1962 3545 2007 3593 A
2043 3557 2178 3596 corr.
2208 3552 2264 3607 ψ

229 3616 301 3681 cf.
325 3614 442 3683 prs.
474 3616 507 3668 Ζ
537 3631 592 3668 ‘n
622 3616 764 3683 11501
801 3613 946 3668 altos
985 3630 1152 3683 saepe
1191 3620 1236 3667 A
1272 3632 1407 3670 corr.
1438 3615 1706 3670 Buchezer
1927 3655 1932 3659 .
