2658 4117
397 264 523 327 100
1037 262 1095 316 L.
1127 261 1409 315 ANNAEI
1445 260 1770 316 SENECAE

396 409 601 491 sedes,
649 407 804 490 quid
850 429 926 471 ex
972 406 1074 471 his
1122 406 1351 490 pelh’t‘?
1397 411 1471 471 ut
1516 428 1728 471 careas
1775 407 1919 472 die‘?

395 519 599 581 cares3
646 500 719 559 ut
765 495 913 559 altis
959 494 1243 559 nobilem
1288 496 1492 559 muris
1540 496 1800 560 domum

392 586 793 670 patriamque
837 584 1093 668 fugias?
1139 585 1350 668 patria
1395 584 1516 648 tibi
1561 585 1708 648 vivo
1754 586 1948 671 perit3
2312 603 2418 652 210

392 679 577 739 natos
623 674 796 759 fugis
843 672 1282 756 matremque?
1329 672 1408 736 ab
1457 677 1716 756 aspectu
1764 675 2051 739 omnium

391 766 653 828 fortuna
697 766 762 826 te
808 762 1184 844 summovit,
1231 765 1295 825 et
1344 762 1649 844 quicquid
1693 767 1909 846 potest

393 852 640 916 auferre
689 852 986 933 cuiquam
1034 871 1234 934 mors,
1279 849 1402 914 tibi
1446 849 1573 916 hoc
1618 851 1753 915 vita
1799 852 2095 937 abstulit3

392 941 576 1026 regni
620 939 982 1004 tumultus?
1028 939 1218 1003 turba
1264 939 1559 1003 fortunae
1604 941 1783 1022 prior

393 1030 703 1094 abscessit
749 1052 786 1092 a
829 1033 894 1093 te
938 1028 1128 1092 iussa.
1222 1048 1438 1111 quem,
1484 1028 1756 1113 genitor,
1803 1030 2019 1115 fugis?
2176 1053 2185 1067 ‘
2310 1047 2414 1094 215

397 1136 628 1183 OEDIP.
676 1117 781 1181 Me
828 1117 1035 1201 fugi0‚
1082 1117 1262 1201 fugio
1311 1117 1638 1182 conscium
1687 1117 1994 1183 scelerum
2043 1119 2328 1183 omnium

394 1211 621 1291 pectus
631 1257 647 1289 ,
693 1226 1079 1288 manumque
1123 1204 1292 1270 hanc
1338 1205 1517 1291 fugio
1566 1210 1629 1269 et
1673 1206 1799 1272 hoc
1838 1207 2083 1273 caelum
2131 1212 2194 1272 et
2240 1208 2412 1272 deos,

399 1297 492 1380 [et
540 1296 679 1358 dira
721 1295 903 1379 fugio
952 1293 1192 1358 scelera
1237 1315 1399 1376 quae
1443 1294 1570 1360 feci
1616 1295 1951 1380 innocens]

401 1406 521 1470 ego
566 1383 693 1449 hoc
740 1383 977 1466 solum,
1020 1382 1333 1468 frugifera
1379 1404 1506 1467 quo
1555 1385 1763 1468 surgit
1809 1383 2020 1467 Ceres,

397 1474 661 1557 premo?
705 1471 823 1536 has
871 1493 989 1557 ego
1038 1494 1224 1535 auras
1269 1492 1379 1535 ore
1425 1472 1728 1555 pestifero
1775 1473 2003 1538 traho?
2310 1490 2415 1538 220

397 1584 518 1648 ego
564 1562 778 1627 laticis
824 1552 1059 1624 haustu
1108 1561 1307 1625 satior
1343 1564 1454 1624 aut
1500 1559 1634 1624 ullo
1680 1563 1861 1627 fruor
2404 1576 2419 1587 ‘

400 1652 604 1715 almae
651 1650 931 1734 parentis
978 1650 1284 1713 munere?
1332 1671 1452 1735 ego
1500 1654 1740 1715 castam
1785 1673 2046 1716 manum

397 1739 712 1806 nefandus
759 1739 1144 1803 incestificus
1191 1738 1595 1804 exsecrabilis

399 1828 716 1894 attrecto‘?
762 1849 881 1913 ego
928 1827 1096 1891 ullos
1143 1850 1293 1891 aure
1341 1827 1633 1911 concipio
1681 1849 1897 1911 sonos,

399 1941 513 2001 per
559 1938 720 2001 quos
765 1917 1048 1999 parentis
1094 1938 1329 1980 nomen
1375 1920 1485 1979 aut
1528 1917 1666 1980 nati
1713 1918 2008 1981 audiam?
2314 1934 2417 1982 225

400 2008 648 2072 utinam
696 2005 953 2089 quidem
998 2004 1355 2071 rescindere
1398 2003 1514 2069 has
1563 2005 1811 2090 quirem
1856 2006 1992 2070 vias

400 2095 821 2179 manibusque
868 2094 1109 2159 adactis
1157 2116 1344 2158 omne
1392 2116 1517 2178 qua
1561 2116 1749 2160 voces
1795 2100 2010 2160 meant

402 2185 738 2267 aditusque
784 2183 994 2247 verbis
1039 2182 1296 2246 tramite
1343 2188 1613 2267 angusto
1659 2188 1837 2267 patet

402 2294 621 2338 eruere
667 2293 946 2355 possem:
991 2276 1170 2355 nata,
1216 2271 1346 2335 iam
1393 2293 1646 2336 sensum
1692 2274 1817 2356 tui,

403 2383 566 2445 quae
611 2382 759 2445 pars
804 2382 1093 2425 meorum
1140 2383 1206 2424 es
1254 2361 1619 2445 criminum,
1665 2361 1889 2426 infelix
1933 2366 2114 2446 pater
2311 2378 2417 2427 230

401 2452 730 2536 fugissem.
822 2448 1109 2513 inhaeret
1155 2471 1228 2513 ac
1272 2449 1658 2515 recrudescit
1702 2451 1881 2514 nefas

403 2539 698 2622 subinde,
745 2542 808 2602 et
856 2560 1039 2603 aures
1085 2539 1387 2624 ingerunt
1432 2539 1735 2623 quicquid
1781 2539 1943 2603 mihi

406 2629 690 2693 donastis
700 2679 717 2711 ‚
766 2627 952 2692 oculi.
1043 2648 1156 2691 cur
1202 2630 1396 2711 caput
1441 2627 1721 2692 tenebris
1770 2649 1960 2714 grave

403 2740 537 2782 non
582 2718 772 2780 mitto
820 2717 899 2780 ad
944 2716 1203 2782 umbras
1248 2715 1421 2781 Ditis
1468 2719 1793 2781 aeternas?
1842 2717 1997 2801 quid
2039 2716 2147 2781 hic

404 2828 623 2870 manes
670 2827 844 2870 meos
893 2805 1187 2870 detineo?
1234 2805 1389 2888 quid
1433 2808 1668 2869 terram
1715 2827 1911 2891 gravo
2317 2821 2422 2869 235

407 2895 776 2979 mixtusque
822 2895 1067 2978 superis
1105 2895 1301 2958 erro?
1348 2895 1501 2977 quid
1545 2899 1743 2959 restat
1787 2895 1986 2959 mali?

406 3006 676 3069 regnum
722 2987 1017 3067 parentes
1062 2982 1277 3066 liberi,
1323 2984 1529 3047 virtus
1577 3004 1830 3067 quoque

552 3200 656 3247 208
693 3194 829 3262 quid
874 3196 931 3247 te
978 3209 1045 3246 ex
1080 3192 1169 3247 his
1206 3198 1279 3245 At
1322 3195 1341 3262 ΙΙ
1396 3198 1491 3246 213
1529 3192 1634 3247 hec
1670 3198 1743 3245 At
1786 3196 1806 3262 ΙΙ
1858 3198 1957 3246 214
1986 3199 2116 3262 post
2148 3193 2427 3248 tumultus

406 3265 785 3334 interroyandi
826 3272 1012 3319 ‘notam
1049 3278 1156 3332 pro
1200 3265 1419 3334 viv-qula
1446 3265 1637 3333 posuit
1672 3265 1747 3318 Ν.
1776 3265 2046 3319 Heinsius
2074 3282 2133 3333 p.
2170 3270 2238 3319 51
2272 3268 2280 3334 Ι
2312 3264 2427 3319 for-

411 3338 552 3389 tuna
587 3342 630 3389 Ε
666 3338 685 3404 11
722 3341 816 3389 215
855 3336 1003 3389 absc.
1044 3339 1176 3390 ante
1212 3340 1257 3387 A
1290 3339 1298 3406 Ι
1329 3335 1481 3389 iusta
1516 3347 1572 3401 ψ
1600 3339 1619 3406 ΙΙ
1656 3341 1753 3389 218
1790 3337 1890 3390 del.
1921 3337 1986 3390 de
2025 3337 2385 3391 Wilamowitz
2419 3337 2426 3408 Ι

410 3423 614 3460 nocens
652 3411 697 3458 A
732 3409 750 3474 ΙΙ
786 3412 891 3460 226
928 3407 1144 3475 quirem
1181 3423 1335 3461 meas
1372 3413 1415 3460 Ε
1452 3410 1470 3476 ΙΙ
1511 3413 1613 3460 227
1655 3423 1818 3461 omne
1855 3424 1965 3474 quo
2002 3412 2076 3459 Δτ
2109 3411 2128 3476 ΙΙ
2165 3412 2269 3460 228
2306 3425 2431 3459 um·-

410 3477 525 3529 bris
562 3482 635 3529 Δτ
668 3479 686 3545 ΙΙ
728 3482 833 3530 229
868 3479 1024 3532 tacui
1059 3479 1130 3532 ΕΙ
1166 3479 1253 3532 17111
1288 3477 1361 3531 13²
1404 3480 1424 3547 ΙΙ
1469 3483 1574 3531 230
1612 3478 1907 3532 criminum
1944 3495 2001 3532 es
2039 3484 2084 3531 A
2121 3481 2207 3532 est
2243 3478 2430 3531 crimi-

411 3566 546 3600 num
581 3554 624 3600 Ε
661 3564 793 3603 corr.
825 3550 1055 3619 Lipsius
1080 3553 1098 3619 ΙΙ
1126 3555 1229 3604 233
1268 3549 1517 3619 negastis
1554 3554 1599 3601 A
1625 3553 1644 3620 u
1682 3555 1787 3603 234
1825 3549 2037 3604 aeterni
2073 3556 2116 3602 E
2143 3552 2162 3619 ss
2190 3554 2293 3602 235
2332 3549 2431 3603 de-

247 3687 250 3694 ,
319 3677 334 3690 „
361 3621 378 3663 ἰ
412 3613 558 3687 fines
596 3623 668 3670 Δτ
