2658 4117
1119 259 1376 313 MEDEA
2137 262 2264 326 143

244 410 310 469 et
353 406 536 469 triste
581 406 764 469 laeva
809 426 1206 491 congregans
1253 426 1503 470 sacrum
1551 429 1754 470 manu·
2043 490 2046 493 A
2164 424 2267 474 680

245 497 458 577 pestes
504 498 694 559 vocat
741 514 1174 578 quascumque
1219 494 1526 559 ferventis
1574 500 1746 560 creat

243 584 483 648 harena
525 582 771 666 Libyae
815 579 1101 667 quasque
1145 587 1457 667 perpetua
1499 585 1647 649 nive

243 671 491 736 Taurus
539 672 835 737 cohercet
879 672 1122 757 frigore
1158 669 1401 736 Arctoo
1446 674 1691 759 rigens,

244 765 308 825 et
357 783 544 824 omne
592 764 968 824 monstrum.
1058 765 1264 826 tracta
1308 763 1577 847 magicis
1624 763 1915 827 cantibus

245 850 631 933 squamifera
673 849 938 914 latebris
984 849 1174 914 turba
1219 852 1485 915 desertis
1532 852 1725 916 adest.
2163 868 2266 918 685

244 939 351 1002 hic
398 960 585 1002 saeva
632 960 892 1021 serpens
940 960 1170 1022 corpus
1217 940 1602 1005 immensum
1648 941 1850 1004 trahit
2252 982 2254 984 -

243 1027 649 1111 trifidamque
695 1028 985 1117 linguam
1032 1032 1278 1093 exertat
1322 1034 1388 1093 et
1435 1030 1683 1113 quaerit
1731 1030 1963 1114 quibus

245 1117 573 1181 mortifera
617 1118 857 1180 veniat:
904 1118 1182 1182 carmine
1227 1118 1446 1182 audito
1494 1122 1710 1202 stupet
1801 1201 1806 1206 .

243 1205 688 1289 tumidumque
734 1205 922 1269 nodis
968 1228 1200 1289 corpus
1247 1208 1530 1293 aggestis
1577 1209 1775 1290 plicat

243 1295 545 1379 cogitque
592 1297 661 1358 in
707 1295 908 1359 orbes,
1002 1295 1222 1379 ‘parva
1266 1296 1441 1360 sunt'
1487 1296 1700 1380 inquit
1745 1296 1938 1361 ‘mala
2150 1313 2266 1361 -690

245 1387 310 1447 et
354 1384 481 1447 vile
525 1386 728 1448 telum
775 1389 900 1467 est,
945 1385 1076 1448 ima
1122 1386 1293 1468 quod
1338 1387 1530 1450 tellus
1577 1389 1773 1450 creat:

245 1473 421 1536 caelo
466 1477 683 1556 petam
729 1495 989 1551 venena.
1083 1475 1211 1537 iam
1258 1475 1388 1537 iam
1432 1478 1688 1558 tempus
1735 1479 1832 1540 est

244 1562 488 1645 aliquid
532 1583 788 1625 movere
833 1562 1057 1626 fraude
1102 1564 1354 1649 vulgari
1400 1564 1610 1628 altius.

171 1637 214 1679 χ
244 1649 372 1714 huc
418 1652 526 1714 ille
573 1651 740 1715 vasti
786 1673 962 1715 more
1008 1653 1308 1716 torrentis
1357 1653 1569 1716 iacens

244 1739 584 1804 descendat
628 1741 857 1825 anguis
872 1790 890 1823 ,
936 1742 1116 1804 cuius
1164 1742 1512 1805 immensos
1561 1742 1748 1824 duae,
2158 1756 2261 1805 695

242 1829 450 1892 maior
492 1829 856 1913 minorque,
902 1831 1187 1894 sentiunt
1230 1831 1434 1894 nodos
1479 1831 1649 1895 ferae

248 1914 481 2003 (maior
524 1916 812 2003 Pelasgis
858 1923 1039 2002 apta,
1086 1917 1367 1983 Sidoniis
1414 1916 1652 2005 minor)

244 2027 621 2091 pressasque
665 2007 923 2071 tandem
973 2009 1180 2072 solvat
1226 2005 1604 2093 Ophiuchus
1652 2030 1878 2073 manus

242 2096 544 2179 virusque
587 2097 842 2180 fundat3
888 2097 1055 2162 adsit
1100 2099 1179 2162 ad
1225 2102 1450 2162 cantus
1497 2119 1673 2162 meos

242 2183 552 2249 lacessere
599 2208 790 2250 ausus
837 2188 1093 2272 gemina
1138 2186 1398 2270 Python
1442 2188 1723 2250 numina.
2164 2203 2265 2252 700

243 2277 309 2336 et
355 2273 578 2356 Hydra
624 2278 687 2338 et
734 2276 942 2339 omnis
988 2276 1205 2339 redeat
1248 2274 1566 2340 Herculea
1611 2298 1804 2340 manu

246 2364 492 2426 succisa
537 2385 824 2447 serpens,
871 2365 1060 2428 caede
1107 2387 1174 2428 se
1219 2387 1521 2447 reparans
1569 2387 1699 2429 sua.

240 2455 313 2514 tu
364 2473 618 2535 quoque
663 2453 904 2517 relictis
950 2454 1226 2539 pervigil
1273 2451 1528 2518 Colchis
1575 2455 1750 2538 ades,

243 2541 452 2623 sopite
498 2541 779 2624 primum
827 2543 1150 2625 cantibus,
1197 2565 1482 2625 serpens,
1528 2543 1729 2621 meis?

376 2628 728 2713 Postquam
773 2632 1063 2695 evocavit
1108 2653 1296 2695 omne
1345 2636 1710 2714 serpentum
1758 2653 1986 2717 genus,
2163 2647 2264 2696 705

240 2720 533 2803 congerit
581 2720 649 2782 in
691 2742 892 2783 unum
937 2720 1143 2805 frugis
1189 2721 1506 2785 infaustae
1552 2722 1745 2784 mala:

243 2829 683 2891 quaecumque
730 2814 993 2894 generat
1037 2810 1250 2873 invius
1297 2811 1468 2874 saxis
1513 2809 1719 2893 Eryx,

246 2918 410 2979 quae
457 2897 581 2961 fert
628 2898 867 2980 opertis
912 2898 1124 2962 hieme
1167 2902 1479 2982 perpetua
1524 2900 1692 2984 iugis

385 3058 490 3105 680
529 3069 887 3123 comprecaris
907 3060 950 3106 E
989 3055 1332 3124 complicans
1350 3061 1396 3108 A
1434 3058 1783 3126 (comparans
1813 3056 2080 3110 Bucheler
2116 3071 2264 3109 com-

238 3123 487 3193 primens
518 3125 846 3196 Koetschau)
874 3142 1010 3181 corr.
1043 3127 1266 3182 Richter
1291 3129 1309 3196 fl
1339 3133 1436 3180 681
1463 3130 1761 3196 pestesque
1787 3132 1861 3179 A‘c
1896 3125 2136 3181 feruenti
2163 3131 2263 3179 EA

237 3212 375 3250 corr.
414 3206 471 3261 ψ
511 3200 574 3263 (τ
614 3197 736 3263 Vd.)
767 3200 787 3266 ΙΙ
814 3202 918 3250 688
958 3200 1111 3252 arcto
1151 3198 1333 3252 oriens
1370 3205 1413 3251 E
1441 3202 1459 3268 Η
1488 3203 1592 3252 684
1630 3198 1743 3252 coit
1770 3214 1933 3251 omne
1969 3200 2034 3252 ci.
2066 3199 2266 3266 Peiper

238 3284 308 3320 en
339 3284 386 3321 0.
408 3284 482 3320 m.
505 3268 815 3322 Koetschau
841 3272 859 3336 ΙΙ
888 3274 990 3321 685
1022 3286 1288 3336 squamea
1314 3269 1412 3323 lat.
1440 3275 1486 3322 A
1513 3273 1531 3339 ΙΙ
1559 3275 1663 3322 686
1692 3285 1814 3323 sera
1842 3274 1888 3321 A
1914 3272 1932 3338 ΙΙ
1960 3275 2061 3322 687
2094 3285 2263 3336 quae-

235 3354 365 3391 rens
394 3338 477 3409 ΔΗ
497 3344 600 3392 692
628 3338 742 3392 iam
771 3356 919 3392 nunc
944 3342 984 3394 t.
1007 3356 1037 3393 e
1065 3345 1111 3392 A
1138 3341 1253 3394 iam
1282 3343 1321 3395 t.
1344 3357 1374 3394 e
1402 3348 1445 3394 E
1474 3358 1608 3396 corr.
1630 3341 1885 3412 Gronovn
1905 3346 2185 3394 694-708
2215 3347 2266 3395 et

238 3414 525 3462 722—744
562 3417 750 3464 eaetamt
784 3411 848 3463 in
873 3416 919 3462 Β
946 3414 964 3479 Η
993 3416 1096 3464 696
1117 3420 1244 3481 post
1270 3418 1369 3465 701
1395 3418 1441 3464 Β
1469 3416 1487 3481 ΙΙ
1515 3417 1617 3465 698
1648 3412 1920 3481 ophiucus
1957 3418 2055 3464 ΒΕ
2103 3411 2264 3481 ophi-

238 3480 399 3534 ulcus
428 3485 502 3532 A‘c
537 3484 558 3550 n
584 3486 688 3534 699
725 3481 929 3535 fundat
964 3481 1037 3534 Β’ι
1075 3483 1282 3536 eandat
1309 3484 1383 3536 Β1
1409 3485 1427 3552 ΙΙ
1455 3489 1560 3537 ’100
1595 3484 1811 3552 phyton
1839 3488 1939 3536 EA
1964 3487 1984 3553 Η
2011 3489 2109 3536 701
2144 3500 2264 3536 ma-

239 3570 345 3605 nus
374 3556 472 3604 ΒΕ
499 3555 519 3620 η
546 3558 651 3605 ’102
685 3553 901 3606 succisa
925 3557 1072 3620 (ante
1102 3570 1136 3607 a
1163 3562 1438 3622 expuncta
1464 3557 1491 3607 t
1518 3556 1599 3609 vel
1626 3555 1647 3608 i
1674 3562 1738 3610 ut
1763 3556 1899 3621 vid.)
1920 3561 1967 3608 Β
1989 3556 1996 3628 Ι
2022 3555 2154 3628 sede
2173 3562 2216 3608 E
2244 3557 2263 3627 Η

238 3628 343 3676 ’103
374 3622 588 3677 colchis
607 3629 654 3676 Β
679 3627 697 3692 ΙΙ
725 3630 831 3678 ’106
860 3624 1099 3693 contigit
1127 3627 1183 3695 (i.
1216 3643 1257 3680 e.
1288 3625 1545 3695 conligit)
1564 3631 1637 3678 A‘c
1677 3628 1685 3696 Ι
1717 3626 1917 3695 frugiis
1946 3626 2199 3680 infantae
2218 3632 2265 3679 Β
