2658 4117
389 229 522 295 426
1255 226 1337 280 IN
1339 226 1553 280 CERTI

388 372 759 439 abstrahere
803 371 1043 437 nostris
1089 373 1430 457 coniugem
1478 393 1692 437 caram
1737 372 1926 455 toris,

388 464 631 528 violare
678 465 992 545 quantum
1034 460 1223 526 licuit
1266 462 1512 526 incesta
1556 483 1752 526 manu

388 557 454 617 et
498 572 656 616 voce
702 550 883 614 dira‘?
930 550 1144 614 debita
1190 572 1400 635 poena
1445 551 1674 615 vacat?
2322 567 2431 616 855

386 658 632 704 PRAEF.
678 639 963 703 Poenam
1009 640 1194 703 dolor
1238 638 1590 704 constituet
1635 640 1705 703 in
1750 638 1921 703 cives
1966 640 2157 703 tuos‘?
2404 652 2408 655 ’

388 746 547 792 NER.
597 726 990 811 Constituet‚
1034 733 1210 793 aetas
1255 729 1436 792 nulla
1482 749 1676 811 quam
1721 728 1930 791 famae
1976 728 2235 792 eximat.

390 835 636 881 PRAEF.
682 815 823 881 Tua
867 820 1183 900 temperet
1227 838 1348 882 nos
1392 818 1515 899 ira,
1560 837 1695 881 non
1738 820 1959 881 noster
2003 816 2215 880 timor.

385 924 546 970 NER.
592 905 763 970 Iram
811 906 1099 990 expiabit
1143 906 1353 990 prima
1399 926 1563 988 quae
1609 906 1846 970 meruit
1890 928 2117 970 meam.

386 1013 633 1059 PRAEF.
683 993 890 1071 Quam
927 998 1153 1078 poscat
1190 995 1333 1077 ede,
1375 998 1598 1059 nostra
1633 1016 1715 1059 ne
1751 999 1973 1078 parcat
2008 1016 2255 1059 manus.
2316 1011 2426 1061 860

384 1102 543 1147 NER.
592 1082 864 1148 Caedem
912 1084 1148 1148 sororis
1193 1084 1406 1166 poscit
1450 1087 1516 1147 et
1561 1083 1770 1147 dirum
1817 1087 2028 1167 caput.

385 1190 630 1236 PRAEF.
676 1171 962 1236 Horrore
1007 1173 1297 1236 vinctum
1344 1173 1632 1256 trepidus
1678 1172 1980 1236 astrinxit
2024 1172 2219 1256 rigor.

384 1278 542 1325 NER.
589 1261 821 1324 Parere
848 1260 1149 1325 dubitas?
1212 1278 1458 1324 PBAEF.
1491 1259 1620 1325 Cur
1645 1283 1854 1325 meam
1885 1261 2149 1325 damnas
2177 1260 2419 1324 fidem‘?

383 1367 542 1413 NER.
563 1347 748 1425 Quod
776 1348 986 1432 parcis
1008 1348 1200 1413 hosti.
1246 1367 1492 1414 PRAEF.
1513 1348 1779 1413 Femina
1797 1349 1923 1413 hoc
1944 1370 2183 1413 nomen
2201 1350 2421 1432 capit?

384 1456 542 1502 NER.
567 1435 637 1501 Si
657 1439 895 1502 scelera
914 1438 1099 1522 cepit.
1129 1455 1375 1501 PRAEF.
1395 1438 1599 1502 Estne
1620 1438 1730 1521 qui
1750 1442 2001 1502 sontem
2021 1438 2294 1522 arguat?
2315 1453 2419 1501 865

387 1545 546 1591 NER.
594 1526 832 1610 Populi
865 1526 1064 1591 furor.
1128 1543 1374 1590 PRAEF.
1405 1525 1560 1603 Quis
1596 1548 1817 1612 regere
1849 1528 2175 1590 dementes
2203 1525 2420 1590 valet?

382 1634 540 1680 NER.
571 1613 694 1691 Qui
724 1616 1045 1681 concitare
1071 1615 1302 1699 potuit.
1350 1633 1595 1679 PRAEF.
1614 1614 1808 1679 Haud
1837 1636 2225 1698 quemquam
2254 1636 2421 1679 reor.

385 1722 548 1769 NER.
594 1704 847 1788 Mulier,
892 1704 1068 1769 dedit
1112 1707 1344 1768 natura
1388 1705 1493 1769 cui
1538 1725 1814 1787 pronum
1861 1705 2033 1768 malo

380 1793 699 1875 animum,
743 1794 826 1858 ad
870 1793 1228 1858 nocendum
1274 1797 1499 1877 pectus
1545 1793 1851 1857 instruxit
1896 1794 2078 1857 dolis,

382 1899 629 1945 PRAEF.
671 1880 797 1945 Sed
833 1884 964 1946 vim
993 1882 1269 1966 negavit.
1335 1899 1492 1945 NER.
1516 1879 1606 1945 Vt
1633 1904 1713 1945 ne
1742 1880 2262 1967 inexpugnabilis
2310 1896 2422 1946 870

384 1975 577 2053 esset,
624 1971 735 2034 sed
779 1992 1002 2055 aegras
1047 1972 1373 2055 frangeret
1417 1970 1584 2035 vires
1629 1970 1827 2033 timor

380 2061 488 2124 vel
533 2080 766 2144 poena3
815 2081 978 2142 quae
1022 2061 1152 2124 iam
1199 2081 1338 2124 sera
1385 2060 1751 2124 damnatam
1797 2063 2048 2143 premet

383 2147 495 2213 diu
541 2152 894 2212 nocentem.
986 2150 1144 2213 tolle
1191 2149 1531 2213 consilium
1578 2168 1655 2211 ac
1699 2169 1919 2232 preces

384 2240 450 2301 et
494 2237 807 2319 imperata
853 2259 1113 2322 perage:
1160 2238 1489 2302 devectam
1533 2241 1672 2301 rate

383 2326 612 2409 procul
656 2325 725 2388 in
769 2329 1089 2390 remotum
1135 2327 1290 2390 litus
1338 2325 1622 2390 interimi
1668 2325 1843 2409 iube,
2310 2341 2420 2390 875

383 2414 644 2479 tandem
688 2419 762 2478 ut
809 2414 1045 2479 residat
1090 2414 1370 2498 pectoris
1416 2414 1622 2478 nostri
1667 2414 1878 2478 timor.

996 2625 1344 2692 CHORVS
1420 2624 1803 2692 OCTAVIA

879 2747 936 2813 O
979 2750 1273 2814 funestus
1319 2749 1543 2814 multis
1589 2750 1817 2834 populi

744 2838 1045 2922 dirusque
1090 2840 1293 2923 favor,

523 3017 625 3065 853
666 3029 855 3067 caram
891 3017 937 3064 A
982 3013 1054 3079 cf.
1081 3014 1202 3082 prs.
1240 3014 1274 3068 l.
1313 3032 1369 3068 n.
1416 3015 1638 3067 tantam
1674 3025 1730 3080 ψ
1776 3015 1855 3068 sic
1890 3014 2005 3068 Leo
2050 3015 2114 3067 in
2160 3013 2420 3081 editione,

379 3085 511 3140 olim
547 3084 610 3138 ci.
653 3086 908 3138 sanctam
941 3085 1172 3139 Hermes
1201 3086 1263 3139 X
1288 3089 1393 3138 441
1432 3085 1450 3156 Η
1488 3089 1591 3136 858
1631 3100 1743 3152 qua
1779 3086 1821 3138 t.
1851 3089 1897 3136 A
1932 3101 2069 3140 corr.
2100 3085 2419 3154 Bicchelerss

379 3160 484 3208 859
521 3155 846 3224 expectabit
872 3159 918 3206 A
955 3155 1265 3224 explicabit
1291 3167 1348 3222 ψ
1385 3172 1521 3211 corr.
1553 3174 1597 3209 α
1635 3155 1939 3224 (spectabit
1974 3155 2116 3208 iram
2146 3156 2368 3225 Peiper)
2398 3158 2418 3225 ΙΙ

379 3232 485 3279 862
520 3226 732 3280 vietum
768 3231 814 3278 A
865 3242 1000 3281 corr.
1040 3239 1096 3291 ψ
1148 3228 1156 3297 Ι
1208 3226 1474 3296 astringit
1509 3238 1565 3293 ψ
1629 3229 1649 3296 1}
1713 3231 1818 3279 864
1856 3224 1995 3294 quid
2038 3227 2121 3281 vel
2167 3243 2267 3280 cur
2300 3238 2358 3292 ψ
2399 3230 2417 3297 ΙΙ

379 3302 481 3350 887
539 3297 664 3365 quis
720 3302 766 3349 A
820 3313 956 3352 corr.
1004 3308 1060 3363 ψ
1124 3299 1143 3366 11
1208 3302 1312 3350 870
1367 3304 1512 3352 totus
1566 3297 1783 3352 Neroni
1845 3298 2111 3352 tribuitur
2163 3301 2209 3348 A
2270 3313 2414 3353 corr.

379 3369 578 3437 Peiper
621 3371 639 3438 ΙΙ
686 3373 792 3422 872
828 3369 948 3421 tam
986 3372 1032 3419 A
1066 3384 1204 3423 corr.
1234 3369 1310 3422 N.
1343 3369 1613 3423 Heinsius
1640 3385 1699 3437 p.
1731 3372 1838 3423 514
1888 3371 1895 3437 Ι
1945 3367 2155 3437 promit
2190 3373 2236 3420 A
2274 3384 2415 3423 corr.

377 3439 552 3493 Bothe
596 3442 615 3509 ΙΙ
662 3444 766 3492 876
802 3439 1049 3493 resideat
1084 3450 1140 3505 ψ
1191 3438 1200 3510 Ι
1248 3441 1437 3492 tumor
1470 3450 1526 3505 ψ
1562 3439 1581 3509 Η
1619 3443 1917 3492 877-983
1956 3439 2202 3494 dimetria
2244 3440 2417 3494 inter-

369 3510 543 3575 positi
570 3511 886 3566 monometri
911 3516 1019 3564 tres
1046 3512 1162 3578 (913
1191 3509 1372 3564 tristis
1401 3510 1511 3576 Er„
1547 3515 1649 3563 957
1688 3508 1918 3563 victima
1954 3527 2027 3576 n.‚
2066 3515 2173 3562 982
2203 3526 2419 3564 numen

379 3579 441 3646 s.)
480 3582 526 3629 A
553 3586 572 3644 ΙΙ
597 3582 761 3635 inser.
803 3599 1008 3634 cnonvs
1047 3583 1167 3650 (om.
1211 3584 1461 3650 oc‘rAvui)
1499 3592 1555 3647 ψ
