2658 4117
364 239 496 302 270
1008 238 1066 291 L.
1098 236 1384 290 ANNAEI
1420 236 1747 292 SENECAE

362 384 623 448 victrice
668 381 854 447 lauru
901 383 1148 447 cinctus
1185 380 1635 467 Agamemnon
1680 383 1840 466 adit,

365 474 429 535 et
474 473 640 536 festa
686 472 964 535 coniunx
1011 471 1236 535 obvios
1281 470 1381 534 illi
1425 471 1579 535 tulit
2287 490 2390 538 780

362 581 618 646 gressus
663 560 955 643 reditque
1001 560 1220 624 iuncta
1266 560 1566 624 concordi
1612 560 1831 646 gradu.

823 759 1328 827 AGAMEMNO
1407 760 1928 827 CASSANDRA

460 847 781 942 ⁸Tandem
828 882 1111 941 revertor
1156 899 1380 960 sospes
1427 878 1508 941 ad
1551 879 1796 962 patrios
1842 877 2033 963 lares3

364 989 400 1031 o
449 989 597 1031 cara
643 968 816 1032 salve
862 970 1046 1030 terra.
1136 965 1257 1029 tibi
1303 970 1405 1030 tot
1451 967 1758 1031 barbarae

362 1056 586 1119 dedere
633 1060 855 1141 gentes
901 1055 1134 1139 spolia,
1179 1054 1302 1118 tibi
1347 1055 1504 1119 felix
1552 1055 1661 1118 diu

361 1145 643 1229 potentis
680 1142 872 1208 Asiae
910 1143 1104 1208 Troia
1147 1144 1475 1238 summisit
1519 1165 1762 1210 manus.
2285 1162 2388 1211 ’185

362 1232 516 1317 quid
563 1234 688 1297 ista
732 1237 909 1296 vates
957 1254 1189 1315 corpus
1237 1232 1439 1295 effusa
1484 1253 1559 1296 ac
1604 1236 1882 1297 tremens

363 1321 557 1385 dubia
601 1321 778 1385 labat
825 1320 1117 1386 cervice?
1161 1320 1415 1404 famuli,
1462 1320 1766 1404 attollite,

358 1410 642 1474 refovete
689 1409 901 1496 gelido
947 1410 1153 1473 latice.
1245 1411 1375 1472 iam
1422 1410 1651 1492 recipit
1696 1410 1865 1473 diem

360 1503 682 1563 marcente
728 1500 887 1562 visu.
981 1499 1220 1562 suscita
1267 1520 1490 1562 sensus
1535 1502 1710 1562 tuos:

363 1591 622 1671 optatus
671 1588 779 1651 ille
826 1591 1052 1672 portus
1100 1587 1422 1651 aerumnis
1469 1587 1662 1650 adest.
2287 1604 2390 1654 ’190

359 1676 562 1740 festus
610 1676 744 1740 dies
791 1680 904 1739 est.
999 1692 1178 1739 CASS.
1224 1674 1454 1739 Festus
1502 1681 1565 1740 et
1603 1675 1831 1739 Troiae
1875 1675 2017 1739 fuit.

358 1781 569 1829 AGAM.
606 1763 1003 1829 Veneremur
1050 1786 1204 1828 aras.
1289 1780 1468 1828 CASS.
1516 1762 1761 1828 Cecidit
1806 1768 1954 1827 ante
2001 1785 2141 1828 aras
2188 1769 2388 1847 pater.

356 1870 567 1918 AGAM.
610 1850 829 1917 Iovem
864 1874 1197 1937 precemur
1232 1853 1486 1935 pariter.
1555 1869 1733 1917 CASS.
1770 1851 2092 1917 Herceum
2120 1850 2388 1919 Iovem?

358 1959 569 2006 AGAM.
608 1939 830 2006 Credis
859 1943 1073 2005 videre
1100 1946 1165 2005 te
1192 1939 1431 2005 Ilium?
1496 1957 1676 2005 CASS.
1705 1940 1795 2004 Et
1817 1940 2147 2005 Priamum
2177 1942 2386 2006 simul.

361 2046 572 2095 AGAM.
619 2029 748 2096 Hic
777 2031 969 2096 Troia
996 2052 1129 2095 non
1158 2034 1271 2095 est.
1350 2046 1529 2095 CASS.
1578 2028 1826 2095 Helena
1861 2030 1974 2095 ubi
2004 2034 2101 2095 est
2129 2029 2389 2096 Troiam

1956 2123 2133 2204 puto,
2285 2137 2387 2185 795

356 2224 566 2271 AGAM.
613 2206 715 2272 Ne
744 2211 958 2271 metue
988 2208 1313 2271 dominam
1341 2207 1598 2272 famula.
1670 2225 1848 2275 CASS.
1870 2208 2161 2273 Libertas
2190 2209 2387 2274 adest.

357 2312 567 2359 AGAM.
617 2295 852 2361 Secura
897 2297 1056 2360 vive.
1153 2312 1332 2361 CASS.
1380 2295 1544 2360 Mihi
1590 2298 1755 2361 mori
1801 2302 1899 2362 est
1943 2298 2269 2362 securitas,

357 2401 568 2449 AGAM.
615 2383 887 2449 Nullum
917 2390 1014 2449 est
1050 2386 1361 2469 periclum
1395 2384 1667 2449 tibimet.
1743 2402 1922 2451 CASS.
1960 2384 2051 2450 At
2078 2407 2387 2472 magnum

1955 2474 2094 2538 tibi.

357 2578 567 2626 AGAM.
608 2561 836 2627 Victor
863 2564 1087 2626 timere
1116 2562 1271 2646 quid
1299 2562 1561 2645 potest?
1611 2578 1788 2626 CASS.
1810 2561 1995 2638 Quod
2022 2584 2155 2627 non
2182 2564 2384 2627 timet.

357 2667 570 2714 AGAM.
618 2650 805 2716 Hanc
832 2652 961 2715 fida
987 2651 1215 2715 famuli
1243 2651 1461 2732 turba,
1501 2649 1652 2714 dum
1682 2652 1963 2715 excutiat
1990 2651 2207 2734 deum,
2281 2667 2388 2716 800

358 2740 628 2803 retinete
673 2762 754 2804 ne
802 2741 957 2825 quid
1003 2740 1325 2824 impotens
1372 2743 1594 2822 peccet
1638 2740 1832 2803 furor.

356 2832 423 2891 at
467 2832 559 2911 te,
604 2832 804 2912 pater,
852 2829 963 2912 qui
1006 2851 1198 2893 saeva
1242 2831 1506 2911 torques
1552 2829 1826 2891 fulmina

357 2917 673 3001 pellisque
718 2917 952 3001 nubeS‚
1000 2917 1207 2982 sidera
1253 2920 1319 2980 et
1364 2921 1564 2980 terras
1609 2918 1807 3001 regis,

355 3006 435 3069 ad
483 3028 674 3089 quem
720 3005 1035 3090 triumphi
1081 3004 1289 3089 spolia
1334 3006 1608 3069 victores
1654 3006 1894 3088 ferunt,

358 3097 422 3158 et
468 3098 531 3159 te
579 3117 862 3159 sororem
911 3099 1140 3159 cuncta
1185 3094 1490 3178 pollentis
1537 3094 1686 3177 viri,
2279 3110 2384 3160 805

496 3239 602 3286 ’1’19
638 3233 797 3288 lauro
834 3239 880 3287 A
922 3236 929 3302 Ι
976 3249 1287 3303 agamenon
1326 3237 1427 3285 EA
1481 3236 1500 3302 ΙΙ
1553 3238 1658 3285 ’180
1696 3232 2010 3298 coniuxque
2046 3201 2260 3299 pariter
2295 3236 2388 3302 An

354 3309 452 3357 ’181
487 3305 746 3372 ridetque
782 3312 825 3358 E
870 3307 890 3374 ΙΙ
935 3310 1037 3358 ’186
1076 3324 1130 3374 p.
1162 3305 1225 3358 A.
1258 3303 1488 3358 domina
1524 3304 1756 3373 Bentley
1796 3305 1814 3372 [Ι
1860 3307 1966 3355 ’186
2004 3319 2102 3356 cur
2137 3303 2248 3356 ista
2285 3307 2331 3355 A
2369 3307 2388 3373 ΙΙ

354 3380 456 3428 ’18’1
478 3377 709 3442 affertur
722 3377 792 3430 ab
803 3377 1086 3430 Aldhelmo
1101 3377 1169 3444 cf.
1175 3376 1357 3443 praef.
1374 3392 1416 3430 c.
1430 3375 1507 3428 II
1519 3377 1537 3444 ΙΙ
1556 3379 1659 3427 ’193
1679 3373 2058 3427 herculeumA
2076 3374 2159 3427 M.
2175 3374 2388 3428 Muller

349 3462 405 3513 p.
436 3450 504 3498 41
542 3448 622 3501 sie
657 3448 1104 3517 distinyuendum
1139 3454 1313 3501 censet
1348 3462 1587 3501 versum.-
1622 3462 1709 3499 Ae.
1750 3444 1859 3498 Iov.
1894 3459 2200 3514 precemur.
2242 3462 2381 3499 cAss.
2475 3450 2478 3451 ’

355 3514 573 3568 Pariter
610 3516 674 3569 H.
714 3517 793 3570 L?
820 3521 838 3586 ΙΙ
866 3522 968 3570 ’195
1007 3518 1107 3571 ubi
1144 3517 1361 3571 Helena
1397 3535 1452 3571 ω
1491 3533 1626 3571 corr.
1669 3517 1738 3570 B.
1775 3515 2018 3571 Schmidt
2044 3516 2063 3583 ΙΙ
2091 3520 2194 3568 ’19’1
2233 3533 2384 3569 mors

354 3583 494 3634 mihi
531 3587 638 3637 Δ(τ)
679 3588 697 3654 ss
724 3592 831 3639 ’198
866 3588 1177 3656 periculum
1214 3595 1257 3640 Ε
1291 3590 1297 3656 Ι
1331 3588 1438 3641 tibi
1478 3590 1563 3641 est
1599 3592 1645 3640 A
