2658 4117
257 228 301 291 2
306 227 389 291 86
908 227 967 280 L.
998 226 1281 279 ANNAEI
1319 215 1645 280 SENECAE

578 375 825 436 mutato
873 372 1140 456 pelagus
1186 372 1473 435 nomine:
1518 373 1736 436 notior

578 462 757 524 nulla
803 465 900 524 est
944 459 1143 523 Ioniis
1187 460 1411 523 fabula
1454 460 1743 525 navibus.

580 553 884 632 exceptus
931 548 1148 634 gladio
1195 549 1501 632 parvulus
1548 549 1749 632 impio

579 638 731 702 dum
779 638 977 701 currit
1021 638 1302 721 patrium
1349 641 1538 701 natus
1585 638 1665 701 ad
1712 640 2030 722 osculum,
2183 656 2286 703 145

579 728 921 790 immatura
965 726 1126 790 focis
1173 726 1437 790 victima
1483 726 1763 791 concidit

578 816 946 898 divisusque
991 819 1105 878 tua
1150 818 1274 897 est,
1319 814 1614 897 Tantale‚
1661 816 1946 898 dextera,

576 925 828 968 mensas
874 908 949 967 ut
993 907 1268 967 strueres
1313 903 1680 987 hospitibus
1728 905 1878 969 deis.

574 992 694 1056 hos
742 995 997 1056 aeterna
1041 993 1242 1056 fames
1290 993 1696 1075 persequitur
1742 993 1947 1076 cibos,

573 1080 694 1144 1103
741 1084 997 1144 aeterna
1042 1082 1214 1165 sitis3
1260 1097 1384 1144 nec
1427 1081 1699 1164 dapibus
1743 1082 1897 1145 feris
2179 1098 2283 1147 150

576 1170 827 1233 decerni
872 1170 1087 1252 potuit
1131 1190 1341 1252 poena
1388 1169 1727 1233 decentior.

709 1256 852 1321 Stat
895 1259 1101 1321 lassus
1148 1278 1350 1321 vacuo
1400 1262 1659 1342 gutture
1698 1256 2031 1322 Tantalus:

571 1345 899 1428 impendet
945 1346 1142 1429 capiti
1186 1346 1467 1429 plurima
1510 1346 1706 1410 noxio

569 1433 831 1499 Phineis
879 1435 1103 1498 avibus
1149 1433 1386 1518 praeda
1428 1435 1747 1519 fugacior3

571 1523 723 1587 hinc
769 1523 948 1587 illinc
995 1523 1275 1608 gravidis
1320 1523 1659 1587 frondibus
1706 1524 1970 1587 incubat
2179 1539 2281 1587 155

572 1616 637 1675 et
683 1601 944 1676 curvata
990 1613 1122 1675 suis
1167 1612 1408 1675 fetibus
1456 1632 1529 1675 ac
1575 1615 1853 1676 tremens

571 1700 799 1764 alludit
842 1702 1082 1786 patulis
1129 1700 1320 1764 arbor
1365 1701 1666 1764 hiatibus.

568 1789 752 1872 haec,
800 1790 1092 1871 quamvis
1139 1790 1364 1853 avidus
1409 1811 1527 1853 nec
1572 1790 1823 1872 patiens
1870 1811 2113 1872 morae,

571 1878 871 1962 deceptus
917 1879 1154 1942 totiens
1199 1882 1464 1963 tangere
1510 1879 1797 1963 neglegit

570 1966 987 2049 obliquatque
1035 1967 1255 2031 oculos
1303 1988 1540 2049 oraque
1588 1967 1957 2050 comprimit
2175 1982 2280 2029 160

567 2055 959 2138 inclusisque
1004 2055 1240 2119 famem
1289 2055 1588 2120 dentibus
1635 2055 1875 2140 alligat.

569 2143 679 2206 sed
724 2147 878 2207 tunc
926 2144 1182 2207 divitias
1231 2166 1419 2208 omne
1464 2167 1691 2208 nemus
1738 2166 1884 2208 suas

569 2231 850 2296 demittit
892 2233 1157 2314 propius
1203 2254 1525 2316 pomaque
1572 2234 1843 2317 desuper

568 2319 882 2383 insultant
927 2321 1102 2384 foliis
1149 2321 1334 2384 mitia
1378 2321 1703 2406 languidis

568 2408 1046 2492 accenduntque
1091 2409 1355 2493 famem,
1405 2432 1567 2492 quae
1613 2410 1792 2473 iubet
1840 2409 2052 2473 irritas
2174 2424 2277 2472 165

567 2517 857 2561 exercere
903 2520 1129 2562 manus
1166 2535 1255 2544 —
1290 2498 1408 2562 has
1455 2498 1581 2562 ubi·
1615 2499 1890 2582 protulit

567 2589 631 2649 et
674 2586 815 2649 falli
861 2586 1078 2669 libuit,
1123 2589 1302 2651 totus
1349 2588 1417 2651 in
1464 2588 1735 2651 arduum

564 2678 910 2738 autumnus
956 2676 1205 2759 rapitur
1249 2676 1537 2758 silvaque
1585 2676 1863 2740 mobilis.

564 2764 762 2827 instat
808 2763 1031 2827 deinde
1078 2764 1219 2827 sitis
1264 2785 1399 2827 non
1442 2764 1647 2828 levior
1690 2765 1885 2848 fame3

565 2874 692 2934 qua
739 2873 883 2916 cum
931 2853 1245 2936 percaluit
1290 2854 1552 2938 sanguis
1601 2857 1664 2916 et
1710 2852 1916 2936 igneis
2172 2867 2275 2915 170

565 2942 801 3004 exarsit
846 2940 1122 3024 facibus,
1170 2944 1297 3004 stat
1344 2943 1538 3005 miser
1585 2942 1810 3005 obvios

562 3029 798 3093 fluctus
846 3051 953 3092 ore
999 3034 1250 3112 petens,
1298 3052 1461 3112 quos
1507 3030 1822 3115 profugus
1868 3031 2042 3092 latex

564 3119 794 3182 avertit
842 3118 1044 3182 sterili
1091 3118 1393 3183 deficiens
1441 3118 1604 3183 vado

381 3294 476 3342 147
518 3289 715 3344 dextra
753 3297 794 3343 E
859 3294 877 3361 ΙΙ
939 3296 1035 3343 148
1074 3307 1296 3345 mensas
1344 3291 1647 3345 instrueres
1688 3297 1730 3343 Ε
1795 3293 1813 3359 ΙΙ
1876 3295 1974 3342 149
2022 3306 2121 3344 om.
2160 3301 2217 3355 ψ
2255 3292 2273 3358 ΙΙ

240 3364 338 3411 152
377 3360 493 3413 stat
527 3359 683 3415 lusus
712 3367 757 3415 Δ
785 3364 803 3430 ΙΙ
831 3367 927 3414 153
966 3364 1024 3415 et
1058 3363 1269 3431 pendet
1297 3367 1370 3415 Δτ
1406 3364 1424 3430 ΙΙ
1452 3368 1550 3415 154
1587 3361 1828 3430 dapibus
1864 3373 1921 3427 ψ
1963 3361 2062 3429 (Ν.
2093 3361 2273 3414 Hein-

239 3431 357 3483 sius
386 3447 444 3498 p.
476 3434 572 3500 37)
601 3435 619 3502 ΙΙ
647 3438 742 3485 155
781 3432 1051 3502 grauibus
1088 3439 1131 3486 E
1160 3436 1178 3504 Η
1206 3438 1296 3486 161
1331 3432 1515 3486 11111313
1552 3435 1635 3487 vel
1670 3431 1949 3485 inclusam
1986 3432 2062 3486 N.
2094 3431 2274 3485 Hein-

239 3500 357 3552 sius
387 3517 483 3566 pp.
515 3506 604 3556 38.
645 3507 754 3556 536
808 3506 826 3572 ΙΙ
881 3508 978 3556 164
1016 3503 1255 3557 insultat
1291 3510 1333 3556 E
1388 3507 1406 3573 Η
1461 3509 1551 3557 171
1588 3503 1789 3556 misero
1826 3502 1968 3556 buos
2004 3509 2047 3554 Ε
2087 3501 2272 3572 (obvio

243 3569 498 3636 Bentley)
527 3572 544 3637 ΙΙ
572 3578 671 3625 172
709 3590 802 3626 ore
837 3590 1046 3627 uocans
1084 3578 1157 3626 Δτ
