2658 4117
360 249 493 313 250
1003 249 1063 302 L.
1093 249 1378 303 ANNAEI
1414 249 1742 305 SENECAE

359 416 493 458 non
538 394 767 458 melior
809 391 979 457 Aiax
1025 398 1231 457 morte
1279 394 1532 459 decreba
1575 395 1821 479 furens,
2287 414 2393 463 210

358 505 493 547 non
539 483 677 547 sola
720 481 960 547 Danais
1007 481 1252 546 Hector
1297 488 1363 547 et
1406 483 1576 547 bello
1624 505 1831 566 mora,

358 593 492 635 non
534 572 665 635 tela
708 569 956 634 Paridis
1002 575 1201 653 certa,
1245 593 1381 635 non
1423 571 1729 636 Memnon
1772 573 1974 657 niger,

356 681 491 723 non
534 658 833 723 Xanizhus
878 662 1072 724 armis
1119 680 1391 743 corpora
1436 660 1730 725 immixta
1775 682 2085 746 aggerens

357 748 720 831 fluctusque
768 746 1004 812 Simois
1051 749 1241 811 caede
1287 769 1644 832 purpureos
1690 770 1915 833 agens,

357 858 493 900 non
535 837 722 900 nivea
768 838 980 920 proles
1029 835 1281 919 Cycnus
1327 838 1631 920 aequorei
1676 839 1804 920 dei,
2287 855 2392 904 215

356 946 491 988 non
535 925 842 990 bellicoso
890 925 1165 990 Thressa
1211 946 1360 989 cum
1405 925 1622 990 Rheso
1670 925 1982 1010 phalanx,

357 1035 490 1077 non
536 1015 710 1096 piciza
755 1014 1087 1097 pharetras
1133 1018 1198 1078 et
1245 1016 1606 1099 securigera
1652 1037 1846 1078 manu

358 1103 602 1185 pell-‚aka
646 1101 979 1167 Amazon?
1023 1101 1198 1166 hunc
1244 1102 1419 1166 domi
1463 1105 1762 1167 reducem
1809 1125 1996 1187 paras

354 1194 636 1254 mactare
683 1194 747 1255 ei,
792 1212 933 1254 aras
981 1191 1169 1254 caede
1215 1192 1536 1255 maculare
1583 1192 1826 1275 impia?

356 1279 589 1342 victrix
634 1279 913 1343 inuh-‚um
962 1277 1229 1343 Graecia
1273 1279 1399 1344 hoc
1444 1280 1692 1344 facinus
1738 1281 1944 1345 feret?
2284 1298 2390 1346 220

355 1387 556 1449 equos
604 1371 667 1431 ei,
712 1390 890 1431 arma
937 1367 1374 1449 classibusque
1420 1368 1688 1431 horrens
1731 1369 1971 1432 fretum

354 1477 645 1539 propone
691 1460 754 1519 et
799 1457 931 1520 alto
980 1456 1289 1540 sanguine
1336 1457 1663 1521 exundans
1712 1459 1921 1521 solum

354 1547 421 1607 et
465 1549 604 1608 tota
651 1548 874 1626 captae
919 1544 1052 1608 faba
1096 1543 1456 1608 Dardaniae
1504 1545 1731 1609 domus

355 1636 607 1717 regesiza
651 1631 909 1696 Danais.
1001 1634 1354 1715 comprime
1400 1633 1668 1698 affectus
1711 1638 1925 1698 truces

354 1726 763 1804 menbemque
809 1721 1065 1785 {sibimel}
1109 1722 1250 1805 ipsa
1296 1722 1564 1804 pacifica
1608 1726 1803 1786 imam.
2282 1737 2387 1786 225

557 1949 1050 2015 AEGISTHVS
1126 1949 1762 2015 CLYTEMESTRA
1834 1949 2175 2016 NVTRIX

487 2074 674 2150 Quod
717 2080 974 2158 tempus
1020 2077 1235 2139 animo
1284 2097 1537 2159 semper
1580 2096 1655 2139 ac
1701 2081 1914 2141 mente
1959 2076 2183 2141 horrui

353 2165 535 2228 adest
580 2164 899 2247 profect0‚
943 2164 1135 2227 rebus
1183 2167 1540 2228 extremum
1587 2166 1764 2229 meis.

354 2252 511 2336 quid
554 2256 738 2336 terga
781 2253 1005 2334 vertis,
1050 2252 1304 2316 anime?
1352 2254 1507 2336 quid
1551 2254 1762 2336 primo
1809 2254 2057 2336 impetu

351 2341 620 2424 deponis
667 2342 885 2405 arma?
932 2341 1115 2405 crede
1160 2341 1508 2424 perniciem
1554 2341 1678 2405 tibi

351 2433 417 2494 ei,
464 2430 600 2493 dira
645 2450 867 2492 saevos
912 2431 1047 2493 fata
1092 2431 1307 2493 moliri
1355 2430 1532 2494 deos:
2281 2446 2386 2495 230

355 2539 612 2601 oppone
658 2519 905 2581 cuncizis
950 2519 1078 2581 vile
1124 2519 1460 2602 suppliciis
1507 2522 1728 2601 caput,

351 2608 721 2689 ferrumque
765 2611 832 2670 et
876 2607 1057 2690 ignes
1104 2611 1365 2689 pectore
1409 2608 1674 2671 adverso
1723 2607 1963 2689 excipe,

350 2691 691 2780 Aegisthe:
735 2717 869 2759 non
916 2699 1012 2758 est
1057 2716 1266 2778 poena
1311 2697 1405 2758 sic
1448 2699 1603 2759 nato
1651 2696 1834 2759 mori.

350 2788 424 2848 tu
469 2806 590 2848 nos
636 2784 861 2866 pericli
906 2784 1108 2866 socia,
1153 2786 1254 2865 iu,
1298 2782 1472 2847 Leda
1518 2788 1683 2865 sata,

352 2874 660 2936 comitare
704 2875 985 2936 lanium:
1032 2873 1410 2956 sanguinem
1455 2872 1677 2936 reddet
1721 2872 1842 2935 tibi
2279 2887 2385 2935 235

350 2962 622 3047 ignavus
669 2961 791 3024 isize
836 2962 1064 3025 ductor
1109 2982 1183 3024 ac
1226 2962 1416 3025 fortis
1461 2965 1658 3043 pater.

351 3050 464 3114 sed
510 3049 664 3132 quid
709 3052 1055 3113 'crementes
1103 3050 1331 3113 circuit
1376 3051 1588 3132 pallor
1632 3069 1828 3132 genas

350 3139 692 3220 iacensque
736 3139 923 3202 vultu
966 3138 1274 3223 languido
1324 3141 1590 3221 opizutus
1637 3138 1896 3220 stupet?

493 3315 590 3364 218
629 3311 862 3365 santhus
898 3317 941 3363 E
975 3350 982 3380 ,
1015 3311 1277 3366 immixta
1312 3316 1356 3363 Ε
1377 3315 1422 3362 A
1477 3310 1749 3363 immixtis
1785 3320 1841 3375 ψ
1876 3313 1882 3379 ι
1915 3324 2113 3379 gerens
2152 3325 2208 3363 ω
2244 3324 2385 3363 corr.

353 3382 576 3437 Gronov
612 3385 630 3451 ΙΙ
667 3388 774 3436 220
809 3382 985 3436 ultrix
1020 3386 1065 3433 A
1105 3385 1124 3451 ιι
1169 3388 1278 3435 222
1322 3397 1571 3450 prepone
1608 3386 1653 3433 A
1698 3384 1716 3451 ιι
1759 3386 1866 3434 225
1912 3399 2109 3435 xvnux
2145 3396 2246 3435 om.
2285 3384 2332 3432 A
2366 3383 2385 3449 ιι

349 3458 457 3506 226
494 3470 618 3506 me.
649 3454 831 3522 praef.
870 3460 912 3506 Ε
940 3456 959 3523 ιι
987 3458 1094 3506 229
1130 3453 1386 3522 permitti
1422 3452 1532 3505 tibi
1567 3458 1610 3504 E
1648 3455 1668 3521 ιι
1703 3457 1809 3505 230
1839 3453 1911 3507 de
1947 3452 2388 3520 interpwnctione

349 3523 423 3588 cf.
454 3525 539 3577 M.
563 3524 773 3579 Maller
801 3525 901 3578 Ph.
930 3528 1047 3579 268
1087 3526 1106 3594 ΙΙ
1146 3529 1251 3577 288
1282 3523 1384 3578 Cli.
1415 3530 1465 3579 et
1490 3528 1597 3577 284
1625 3523 1749 3593 Egi.
1770 3523 1952 3592 praef.
1984 3527 2029 3574 A
2056 3526 2076 3593 ΙΙ
2102 3527 2208 3576 284
2236 3521 2388 3591 peri·

352 3592 456 3645 clis
494 3594 613 3647 otia
648 3600 691 3646 Ε
718 3597 738 3663 ιι
764 3600 871 3648 286
906 3594 1070 3648 fortis
1107 3595 1321 3663 pariter
1359 3601 1401 3647 E
