2658 4117
1072 251 1381 307 onmpvs
2116 259 2246 323 235

733 394 995 459 artibus·
1022 396 1178 460 fisus
1224 397 1440 482 noviS‚

732 486 932 547 certat
978 487 1042 548 et
1087 506 1268 549 veras
1316 508 1465 551 aves
2140 505 2243 555 895

732 571 984 635 vincere
1030 593 1106 637 ac
1149 573 1332 638 falsis
1376 576 1571 639 nimis

730 659 1006 744 imperat
1047 662 1264 744 pinnis
1308 685 1489 746 puer,

728 769 966 812 nomen
1011 750 1248 833 eripuit
1292 752 1487 836 fret03

729 836 997 901 callidus
1043 838 1325 903 medium
1374 862 1566 905 senex

726 924 1048 990 Daedalus
1093 926 1337 992 librans
1382 929 1506 993 iter
2136 948 2243 998 900

727 1013 899 1078 nube
946 1014 1064 1078 sub
1112 1017 1322 1080 media
1368 1019 1573 1100 stetit,

727 1101 948 1166 alitem
996 1107 1341 1187 expectans
1389 1128 1577 1170 suum

729 1187 966 1275 (qualis
1013 1193 1338 1276 accipitris
1385 1196 1591 1259 minas

725 1279 897 1364 fugit
943 1283 1008 1343 et
1054 1303 1310 1364 sparsos
1358 1285 1535 1346 metu

726 1367 998 1470 conligit
1041 1370 1210 1435 fetus
1257 1369 1450 1457 avis),
2135 1390 2238 1439 905

725 1455 928 1522 donec
974 1457 1043 1520 in
1086 1462 1287 1542 ponto
1335 1481 1562 1524 manus

723 1546 929 1609 movit
973 1545 1324 1629 implicitas
1371 1571 1535 1649 puer

725 1633 1029 1716 compede
1075 1635 1334 1701 audacis
1381 1637 1539 1701 viae.

723 1722 1032 1805 quicquid
1077 1725 1351 1789 excessit
1394 1726 1658 1790 modum

722 1810 960 1893 pendet
1005 1812 1293 1877 instabili
1338 1814 1498 1878 locO.
2130 1832 2235 1881 910

857 1897 983 1963 Sed
1029 1900 1185 1984 quid
1228 1901 1395 1965 hoc?
1440 1906 1659 1985 postes
1706 1908 1967 1987 sonant·

721 1991 1004 2052 maestus
1050 2010 1130 2053 en
1173 1990 1457 2057 famulus
1504 2014 1699 2055 manu

719 2077 936 2161 regius
985 2084 1245 2162 quassat
1290 2084 1501 2164 caput.

719 2165 834 2229 ede
882 2167 1038 2249 quid
1081 2172 1303 2251 portes
1348 2170 1519 2234 novi.

1015 2369 1142 2435 NV
1143 2370 1209 2436 N
1210 2370 1410 2436 TIVS

335 2483 671 2549 Praedicta
715 2487 1061 2568 postquam
1107 2484 1242 2549 fata
1288 2490 1352 2550 et
1398 2487 1732 2551 infandum
1781 2509 1983 2573 genus
2126 2506 2231 2555 915

199 2572 539 2657 deprendit
586 2595 662 2638 ac
709 2595 775 2637 se
821 2573 1059 2638 scelere
1107 2576 1473 2639 convictum
1521 2573 1803 2659 Oedipus

200 2661 532 2726 damnavit
575 2662 740 2746 ipse,
787 2662 1033 2746 regiam
1080 2661 1355 2727 infestus
1399 2667 1623 2747 petens

199 2750 409 2815 invisa
452 2772 728 2834 propero
776 2754 947 2815 tecta
989 2753 1350 2834 penetravit
1395 2753 1598 2837 gradu

199 2838 411 2924 qualis
457 2860 574 2924 per
619 2862 770 2903 arva
814 2838 1095 2923 Libycus
1142 2840 1382 2904 insanit
1424 2840 1527 2905 leo
1537 2890 1555 2922 ‚

198 2928 446 2993 fulvam
492 2928 729 2994 minaci
772 2928 988 2992 fronte
1037 2929 1408 2993 concutiens
1454 2929 1699 3012 iubam3
2124 2947 2230 2996 920

197 3016 417 3081 vultus
463 3016 678 3081 furore
725 3020 949 3081 torvus
996 3020 1188 3099 atque
1235 3018 1409 3082 oculi
1452 3020 1666 3082 truces
1677 3067 1694 3100 ,

197 3106 482 3190 gemitus
529 3109 594 3170 et
639 3104 843 3169 altum
889 3127 1198 3188 murmur,
1244 3109 1309 3169 et
1355 3104 1602 3191 gelidus
1648 3106 1796 3170 fluit

344 3249 450 3298 894
485 3244 664 3298 fidens
693 3247 739 3296 A
765 3246 783 3313 ΙΙ
813 3249 916 3296 896
952 3243 1138 3297 minus
1167 3246 1244 3300 N.
1274 3244 1547 3299 Heinsius
1566 3262 1629 3327 P:
1656 3248 1765 3299 179
1791 3247 1810 3314 ΙΙ
1839 3250 1942 3297 898
1971 3262 2071 3301 om.
2102 3250 2175 3299 Av
2210 3246 2230 3318 ΙΙ

196 3320 306 3368 902
343 3332 504 3370 suam
541 3333 597 3369 ω
635 3331 771 3370 corr
807 3316 1041 3385 Bentley
1094 3318 1112 3384 ΙΙ
1166 3321 1269 3368 908
1310 3314 1542 3369 audacis
1578 3315 1703 3369 viae
1742 3332 1925 3370 comes
1963 3317 2149 3370 audax
2183 3324 2226 3370 Ε

198 3402 386 3441 comes
425 3386 658 3440 audacis
696 3385 821 3439 viae
849 3390 895 3439 A
931 3403 1066 3441 corr.
1100 3388 1369 3441 Biieheler
1396 3391 1645 3455 (compos
1674 3387 1742 3441 L.
1770 3387 1999 3454 Miiller,
2034 3406 2081 3443 v.
2123 3389 2225 3443 del

199 3457 419 3527 Peiper)
446 3460 466 3528 ΙΙ
494 3462 584 3510 911
619 3456 714 3511 hic
742 3457 921 3526 postis
957 3459 1121 3511 sonat
1147 3463 1194 3509 A
1219 3459 1238 3526 ΙΙ
1267 3463 1365 3510 912
1402 3475 1473 3511 m.
1505 3461 1563 3511 et
1595 3475 1651 3512 ω
1688 3474 1823 3511 corr.
1854 3459 1930 3513 N.
1956 3459 2228 3515 Heinsius

197 3530 233 3583 l.
263 3545 317 3583 n
347 3531 366 3598 ΙΙ
398 3534 501 3581 912
538 3544 639 3583 om.
670 3532 744 3581 A‘t
778 3531 796 3597 ΙΙ
832 3534 928 3581 913
966 3528 1150 3597 regios
1189 3544 1461 3595 quassans
1498 3535 1545 3581 A
1580 3530 1599 3598 ΙΙ
1645 3534 1739 3581 915
1777 3528 1877 3583 inf.
1910 3530 2090 3585 scelus
2127 3535 2173 3584 A
2208 3533 2227 3600 ΙΙ

196 3604 305 3653 922
341 3599 450 3669 gel.
480 3599 640 3653 uolat
676 3603 722 3652 A
