2658 4117
1116 226 1433 282 oei-AVIA
2156 232 2285 296 427

622 373 735 456 qui
780 395 926 438 cum
973 373 1133 437 flatu
1177 374 1319 437 vela
1367 374 1645 438 secundo

620 462 778 527 ratis
823 462 1119 546 implevit
1161 463 1467 545 vexitque
1512 464 1764 547 procul,
2156 480 2260 530 880

619 551 963 636 languidus
1009 551 1178 615 idem
2154 561 2287 614 88οῡ

621 640 856 704 deserit
900 641 1033 703 alto
1081 660 1398 722 saevoque
1444 641 1623 705 mari.

619 728 800 793 flevit
848 726 1171 793 Gracchos
1217 729 1576 793 miseranda
1620 752 1881 814 parem,

618 817 898 919 perdidit
943 817 1170 903 ingens
1218 839 1381 901 quos
1427 818 1634 902 plebis
1680 839 1862 883 amor

618 906 984 989 nimiusque
1028 906 1212 970 favor
1257 927 1490 992 genere
1535 907 1845 992 illustres,

617 995 859 1079 pietate
903 995 1031 1058 fide
1075 993 1299 1080 lingua
1348 996 1579 1079 clame,
2152 1013 2256 1062 885

617 1087 877 1167 pectore
921 1083 1151 1167 fortes,
1195 1084 1449 1168 legibus
1494 1105 1688 1149 acres.

614 1176 681 1236 te
728 1192 1015 1255 quoque,
1059 1170 1233 1255 Livi,
1279 1173 1477 1236 simili
1522 1174 1655 1237 leto

614 1259 901 1325 Fortuna
947 1261 1147 1342 dedit,

616 1370 808 1432 quem
853 1371 1062 1433 neque
1106 1350 1311 1414 fasces
1357 1353 1574 1414 texere
1620 1371 1770 1414 suae

614 1459 734 1502 nec
780 1442 949 1503 tecta
996 1439 1241 1502 domus.
1332 1439 1521 1522 plura
1565 1439 1800 1503 referre
2150 1456 2256 1505 890

614 1526 916 1610 prohibet
942 1548 1259 1627 ‘praesens
1307 1529 1601 1611 exempla
1649 1527 1857 1591 dolor:

614 1615 806 1678 modo
855 1615 959 1679 cui
1003 1616 1279 1698 patriam
1326 1615 1589 1680 reddere
1635 1617 1805 1680 cives

613 1702 827 1767 aulam
874 1708 938 1768 et
981 1703 1200 1767 fratris
1246 1705 1507 1768 voluere
1551 1708 1757 1788 toros,

613 1813 787 1856 nunc
831 1792 911 1855 ad
957 1813 1233 1875 poenam
1278 1793 1610 1875 letumque
1655 1793 1827 1857 trahi

611 1879 873 1944 flentem
920 1881 1219 1944 miseram
1267 1902 1523 1945 cernere
1568 1886 1857 1965 possunt.
2148 1897 2251 1945 896

614 1967 777 2032 bene
824 1972 1168 2052 paupertas
1213 1968 1447 2033 humili
1493 1973 1664 2034 tecto

612 2062 915 2123 contenta
958 2061 1145 2123 latet:
2145 2067 2278 2119 sseb

614 2147 915 2230 quatiunt
959 2149 1122 2212 altas
1170 2169 1360 2230 saepe
1406 2148 1725 2231 procellae

612 2240 726 2300 aut
772 2237 1001 2300 evertit
1046 2234 1334 2300 Fortuna
1380 2236 1621 2301 domos.

745 2341 899 2389 oc'r.
946 2322 1086 2400 Quo
1133 2345 1235 2388 me
1281 2323 1538 2389 trahitis
1586 2324 1838 2408 quodve
1883 2329 2195 2410 tyrannus

609 2417 722 2477 aut
768 2413 1033 2478 exilium
1079 2413 1302 2498 regina
1348 2413 1555 2497 iubet,
2144 2431 2249 2479 900

610 2502 665 2565 81
710 2502 872 2565 mihi
916 2503 1118 2567 vitam
1163 2502 1368 2567 fracta
1413 2503 1687 2566 remittit

611 2593 715 2654 tot
759 2590 889 2654 iam
933 2591 1173 2656 nostris
1220 2595 1285 2655 et
1329 2591 1500 2656 victa
1546 2590 1775 2655 malis?

611 2678 713 2741 sin
759 2679 949 2743 caede
994 2701 1138 2743 mea
1185 2680 1511 2745 cumulare
1556 2682 1741 2764 parat

607 2765 821 2832 luctus
867 2772 1152 2851 nostros,
1196 2769 1443 2832 invidet
1488 2770 1681 2832 etiam

609 2876 725 2920 cur
768 2856 839 2920 in
883 2857 1092 2939 patria
1137 2857 1299 2921 mihi·
1347 2879 1534 2921 saeva
1580 2855 1787 2921 mori‘?
1998 2862 2003 2867 ’
2143 2872 2245 2922 905

608 2945 718 3008 sed
763 2945 893 3009 iam
941 2966 1085 3030 spes
1133 2950 1230 3010 est
1273 2947 1455 3010 nulla
1501 2945 1752 3009 salutis:

604 3033 821 3097 fratris
866 3056 1058 3099 cerno
1106 3035 1465 3099 miseranda
1509 3037 1729 3097 ratem.

382 3229 488 3277 888
525 3228 728 3296 gnatos
764 3227 848 3281 vel
882 3228 1073 3296 gratos
1111 3232 1157 3279 A
1202 3243 1339 3283 corr,
1378 3239 1434 3291 ψ
1488 3227 1509 3295 ΙΙ
1571 3230 1673 3278 887
1713 3225 1856 3280 181118
1893 3230 1939 3277 A
1987 3224 2122 3295 (leui
2157 3224 2270 3294 ψὲ)

235 3311 373 3351 corr.
412 3297 609 3352 Delrio
671 3300 690 3367 ΙΙ
753 3302 858 3349 889
895 3298 982 3351 8111
1018 3303 1064 3350 A
1109 3313 1244 3354 corr
1284 3298 1352 3352 de
1389 3297 1754 3353 Wilamowitz
1799 3298 1807 3364 Ι
1857 3312 1961 3350 nec
1996 3299 2124 3351 tuta
2171 3298 2274 3363 (vel

236 3368 462 3437 saepta)
499 3368 551 3421 d
582 3369 658 3423 N.
691 3369 961 3423 Heinsius
987 3386 1086 3438 pp
1125 3373 1249 3424 510.
1289 3372 1398 3424 514
1459 3371 1479 3437 11
1542 3373 1645 3421 895
1688 3369 1924 3436 possunt
1969 3384 2047 3422 an
2089 3367 2271 3436 possis

234 3438 319 3493 vel
364 3438 547 3507 possit
590 3440 657 3492 in
691 3444 737 3491 A
789 3439 963 3505 fuerit
996 3456 1111 3494 non
1155 3440 1340 3522 liquet
1358 3439 1427 3506 cf.
1450 3440 1565 3509 prs.
1597 3440 1631 3494 l.
1661 3456 1715 3492 n.
1772 3441 1792 3508 μ
1847 3443 1950 3490 898
1992 3439 2188 3495 domus
2226 3443 2272 3490 A

233 3524 376 3633 cond
421 3521 493 3633 υἱ
515 3512 535 3580 ΙΙ
580 3515 685 3563 899
702 3525 907 3636 &ivl-lone
941 3522 997 3577 ψ
1043 3513 1062 3581 11
1108 3516 1214 3564 902
1252 3509 1440 3566 euicta
1476 3515 1522 3562 A
1567 3527 1703 3566 corr.
1748 3510 1970 3566 Gronov
2013 3511 2034 3579 11
2079 3515 2182 3564 908
2222 3510 2271 3564 si

236 3595 336 3633 cae
379 3595 410 3634 e
530 3597 667 3636 corr.
786 3597 923 3636 onov
