2658 4117
1105 250 1480 305 THYESTES
2174 250 2305 315 293

751 401 816 461 et
860 397 985 460 diri
1027 397 1199 460 mala
1242 396 1547 479 pectori8‚

752 507 942 568 quem
988 506 1121 548 non
1166 485 1435 549 ambitio
1482 485 1782 568 inpotens
2203 500 2309 549 350

752 577 817 638 et
861 595 1213 657 numquam
1261 574 1512 637 stabilis
1556 573 1742 637 favor

749 663 932 747 vulgi
976 662 1347 745 praecipitis
1393 664 1635 743 movet,

750 772 883 815 non
928 750 1236 833 quiequid
1278 749 1449 814 fodit
1493 746 1808 815 Occidens

751 843 863 903 aut
906 839 1081 903 unda
1116 838 1332 924 Tagus
1380 860 1571 902 aurea

753 929 926 992 claro
975 927 1233 991 devehit
1279 926 1461 991 alveo
1472 977 1491 1010 ‚
2203 942 2307 990 35⁶

749 1037 883 1081 non
929 1016 1235 1100 quioquid
1277 1014 1539 1098 Libycis
1585 1015 1739 1079 terit

748 1105 1002 1169 fervens
1049 1126 1197 1168 area
1239 1104 1556 1168 messibus
1564 1152 1583 1186 ,

745 1215 942 1276 quem
989 1215 1122 1257 non
1166 1193 1490 1256 concutiet
1536 1192 1767 1256 cadens

751 1282 1000 1366 obliqui
1044 1283 1151 1345 via
1193 1281 1486 1345 fulminis
1494 1329 1536 1363 ‚,

745 1392 881 1434 non
922 1369 1138 1434 Eurus
1183 1370 1439 1454 rapiens
1485 1390 1659 1432 mare
2205 1383 2309 1433 360

750 1463 864 1523 aut
908 1480 1096 1523 saevo
1141 1458 1405 1522 rabidus
1450 1458 1614 1522 freto

750 1548 1003 1611 ventosi
1048 1551 1265 1612 tumor
1309 1545 1616 1628 Hadriae,

750 1658 942 1719 quem
988 1657 1122 1699 non
1165 1637 1389 1700 lancea
1433 1635 1687 1716 militis,

747 1746 883 1788 non
928 1725 1188 1788 strictus
1237 1724 1487 1787 domuit
1533 1722 1829 1806 chalbe‚

750 1814 864 1897 qui
908 1816 1051 1876 tuto
1097 1813 1351 1896 positus
1396 1813 1541 1877 loeo
2203 1824 2307 1873 366

748 1901 918 1965 infra
963 1923 1030 1965 se
1075 1900 1251 1965 videt
1297 1901 1515 1964 omnia
1783 1909 1812 1933 “·

752 1990 1155 2072 occurritque
1202 2011 1317 2053 suo
1365 1989 1574 2053 libens

746 2079 883 2143 fato
929 2099 1048 2143 neo
1094 2079 1384 2162 queritur
1430 2079 1611 2157 mori.

880 2166 1092 2252 Reges
1141 2169 1526 2232 conveniant
1569 2167 1722 2232 licet

749 2257 863 2339 qui
908 2278 1163 2340 sparsos
1211 2258 1461 2341 agitant
1505 2255 1723 2320 Dahas
1733 2305 1751 2338 ‚
2201 2269 2305 2320 370

750 2346 865 2429 qui
908 2345 1089 2408 rubri
1133 2345 1297 2408 vada
1342 2345 1552 2409 litoris

748 2437 813 2497 et
859 2434 1130 2520 gemmis
1177 2456 1353 2498 mare
1397 2434 1628 2498 lucidis

746 2522 876 2586 late
925 2522 1349 2608 sanguineum
1395 2526 1640 2608 tenent,

747 2615 860 2675 aut
906 2612 1018 2694 qui
1067 2609 1300 2694 Caspia
1345 2611 1621 2675 fortibus

744 2699 1086 2763 recludunt
1131 2701 1285 2785 iuga
1331 2697 1639 2764 Sarmatis
1649 2750 1666 2783 ‚
2203 2715 2305 2764 375

747 2791 946 2852 certet
990 2787 1274 2852 Danuvii
1323 2789 1559 2852 vadum

746 2877 938 2940 audet
985 2877 1097 2959 qui
1141 2877 1336 2961 pedes
1383 2876 1633 2961 ingredi

745 2969 810 3029 et
856 2961 1290 3051 (quocumque
1336 2967 1480 3029 looo
1529 2963 1765 3051 iacent)

754 3051 940 3117 Seres
984 3055 1218 3119 vellere
1262 3054 1541 3118 nobiles:
2203 3069 2305 3118 379

743 3143 839 3205 1111
882 3143 1034 3206 ullis
1082 3165 1244 3227 opus
1292 3147 1390 3207 est
1434 3143 1649 3226 equis,
2201 3158 2303 3206 381

744 3231 840 3294 nil
886 3232 1080 3295 armis
1127 3236 1190 3296 et
1236 3232 1549 3296 inertibus

412 3391 518 3439 350
547 3387 827 3455 impotens
856 3392 901 3440 A
928 3390 947 3457 11
975 3392 1255 3441 363-365
1286 3404 1385 3442 om.
1416 3393 1458 3439 Ε
1486 3389 1505 3457 Η
1533 3392 1638 3439 359
1676 3386 1948 3454 obliviqui
1976 3393 2019 3440 Ε
2046 3389 2065 3456 ΙΙ
2094 3392 2191 3440 361
2217 3403 2307 3441 ra-

268 3456 438 3526 pidus
485 3461 530 3509 A
574 3460 595 3527 ΙΙ
636 3463 741 3511 362
780 3459 973 3512 adriae
1012 3463 1057 3511 A
1102 3461 1120 3528 ΙΙ
1166 3463 1269 3511 363
1307 3458 1507 3511 lancea
1543 3457 1857 3511 immitisE
1814 3461 1913 3528 ΕΙΙ
1954 3463 2060 3512 370
2098 3458 2306 3513 daohos

270 3528 484 3597 (dacos)
506 3533 551 3581 A
579 3532 598 3599 ΙΙ
626 3533 725 3582 371
751 3529 961 3584 littoris
988 3536 1031 3582 Ε
1059 3532 1078 3598 ΙΙ
1107 3534 1212 3582 372
1248 3528 1500 3582 lucidum
1520 3533 1565 3581 A
1595 3530 1697 3596 (sic
1715 3530 1971 3600 Bentley)
1999 3531 2018 3598 ΙΙ
2047 3534 2150 3583 373
2181 3547 2306 3584 san-

267 3599 492 3668 guineis
530 3601 764 3670 Bentley
791 3603 809 3671 ΙΙ
838 3605 942 3654 376
982 3599 1216 3653 danubii
1250 3600 1462 3653 uadum
1499 3606 1542 3652 Ε
1582 3599 1891 3654 danubium
1927 3601 2063 3656 licet
2099 3606 2144 3654 A
