2658 4117
382 277 508 347 166
1025 276 1086 328 L.
1116 275 1399 329 ANNAEI
1435 274 1759 329 sENEcAE

375 423 689 505 laqueone
736 423 934 485 vitam
979 421 1202 486 finiam
1250 445 1334 485 an
1377 422 1545 485 ferro
1592 422 1935 486 incubem‘?

378 535 462 576 an
505 511 701 576 missa
745 531 1045 593 praeceps
1094 531 1235 574 arce
1282 510 1571 574 Palladia
1616 511 1882 575 cadam?

377 617 584 664 NVTR.
632 598 740 665 Sic
785 603 848 663 te
895 603 1184 663 senectus
1229 604 1449 663 nostra
1492 601 1826 682 praecipiti
1871 601 2040 665 sinat

379 689 586 773 perire
629 690 805 752 leto‘?
853 689 1006 752 siste
1050 688 1470 752 furibundum
1517 690 1846 771 impetum.

379 778 580 861 [haud
627 779 967 861 quisquam
1015 777 1094 840 ad
1139 778 1339 841 vitam
1385 777 1573 841 facile
1616 779 1901 842 revocari
1948 779 2191 862 potest]

377 885 489 930 PH.
537 865 886 930 Prohibere
933 867 1112 930 nulla
1155 867 1319 930 ratio
1368 867 1721 949 periturum
1767 871 2004 949 potest:

376 956 490 1019 ubi
537 957 649 1038 qui
693 957 861 1019 mori¹
907 956 1243 1020 constituit
1288 959 1353 1018 et
1399 955 1587 1019 debet
1632 956 1812 1019 mori.

378 1045 568 1128 proin
614 1045 925 1109 castitatis
970 1044 1290 1108 vindicem
1338 1067 1653 1108 armemus
1700 1067 1979 1108 manum.

377 1151 584 1197 NVTR.
632 1132 932 1197 Solamen
979 1134 1160 1197 annis
1206 1133 1468 1197 unicum
1514 1135 1728 1216 fessis,
1774 1154 1905 1217 era,

379 1224 434 1287 si
478 1226 612 1286 tam
657 1227 992 1305 protervus
1042 1221 1306 1286 incubat
1351 1224 1552 1286 menti
1597 1223 1793 1306 furor,

377 1316 713 1376 contemne
757 1312 996 1375 famam
1035 1349 1117 1357 —
1157 1312 1331 1374 fama
1374 1312 1484 1374 vix
1529 1334 1680 1376 vero
1725 1313 1928 1395 favet,

377 1401 559 1484 peius
605 1402 876 1464 merenti
920 1401 1149 1464 melior
1195 1403 1259 1463 et
1303 1400 1485 1482 peior
1529 1401 1717 1465 bono,

376 1494 762 1574 temptemus
810 1491 1093 1553 animum
1139 1489 1391 1553 tristem
1437 1492 1503 1553 et
1546 1490 2033 1555 intractabilem.
2100 1467 2115 1486 ⁶

377 1601 558 1643 meus
604 1581 725 1643 iste
768 1580 955 1643 labor
999 1581 1096 1642 est
1143 1578 1407 1662 aggredi
1452 1580 1747 1643 iuvenem
1792 1580 2001 1643 ferum

377 1673 783 1751 mentemque
830 1690 1083 1733 saevam
1129 1667 1385 1731 flectere
1431 1668 1697 1732 immitis
1745 1669 1883 1732 viri.

996 1840 1343 1954 cHoRVs
1392 1888 1777 1954 ORESSAE

826 2023 995 2088 Diva
1038 2045 1171 2091 non
1216 2023 1362 2087 miti
1409 2027 1708 2109 generata
1752 2027 1980 2107 ponto,

700 2136 891 2196 quam
938 2120 1127 2179 vocat
1171 2117 1440 2176 matrem
1487 2113 1780 2199 geminus
1828 2111 2106 2196 Cupid0‚

698 2203 1046 2286 [impotens
1092 2203 1369 2267 flammis
1418 2203 1610 2267 simul
1655 2206 1721 2266 et
1767 2202 2047 2287 sagittis]

701 2293 821 2355 iste
865 2292 1143 2356 lascivus
1191 2313 1350 2374 puer
1395 2295 1460 2354 et
1502 2292 1796 2355 renidens

696 2382 827 2444 tela
873 2401 1067 2462 quam
1116 2384 1288 2444 certo
1335 2380 1700 2444 moderatur
1746 2383 1919 2443 arcu!

699 2469 968 2553 [labitur
1013 2474 1184 2534 totas
1227 2470 1408 2532 furor
1454 2470 1521 2531 in
1565 2469 1876 2532 medullas

698 2560 846 2643 igne
891 2558 1132 2623 furtivo
1180 2560 1531 2641 populante
1579 2558 1817 2641 venas]

696 2670 826 2710 non
871 2648 1067 2713 habet
1110 2649 1308 2712 latam
1355 2648 1502 2710 data
1547 2648 1739 2733 plaga
1782 2648 2090 2730 ftontem‚

699 2738 808 2800 sed
853 2742 1038 2801 vorat
1082 2740 1283 2801 tectas
1328 2738 1585 2819 penitus
1632 2737 1959 2800 medullas.

698 2827 877 2889 nulla
923 2849 1049 2911 pax
1094 2827 1204 2890 isti
1249 2847 1475 2909 puero:
1523 2848 1636 2907 per
1683 2826 1902 2890 orbem

698 2916 946 3000 spargit
992 2916 1223 2980 effusas
1270 2915 1458 3000 agilis
1506 2915 1797 2998 sagittas3

699 3024 987 3086 quaeque
1033 3008 1398 3068 nascentem
1446 3003 1620 3067 videt
1667 3025 1779 3067 ora
1825 3005 2053 3086 solem,

2292 528 2397 576 260

2294 617 2395 665 262

2291 883 2394 932 265

2291 1062 2391 1110 261

2293 1151 2395 1200 267

2291 1418 2397 1466 270

2295 2131 2398 2178 275

2296 2574 2399 2624 280

2295 3019 2398 3067 285

524 3218 623 3266 261
653 3220 781 3282 post
824 3231 877 3280 υ,
913 3220 1018 3268 266
1054 3217 1294 3283 reposuit
1336 3214 1553 3269 Gronov
1598 3218 1606 3284 Ι
1652 3234 1768 3268 Νντ.
1807 3214 1948 3283 proh
1986 3214 2266 3268 castitatis
2303 3219 2348 3266 A
2384 3214 2404 3286 Η

380 3289 487 3336 262
525 3284 574 3337 si
600 3286 658 3338 te
687 3304 728 3338 s.
758 3291 831 3338 At
874 3289 881 3354 Ι
915 3285 1060 3360 sinet
1087 3304 1126 3340 τ
1153 3288 1172 3355 ΙΙ
1199 3290 1305 3339 264
1339 3301 1439 3339 om.
1470 3304 1509 3340 τ
1547 3286 1645 3340 del.
1678 3286 1920 3356 Scaliger
1952 3289 1959 3354 Ι
1993 3302 2186 3339 auram
2216 3286 2404 3340 Bessel

374 3373 430 3423 p.
472 3359 543 3410 63
588 3358 607 3424 ΙΙ
650 3361 755 3409 265
794 3357 1102 3426 perituram
1138 3363 1212 3410 At
1264 3358 1282 3426 ΙΙ
1336 3362 1442 3409 266
1479 3356 1604 3424 quis
1642 3362 1687 3409 A
1741 3360 1759 3426 u
1813 3362 1919 3410 269
1957 3360 2266 3412 comtemne
2302 3363 2345 3409 Ε
2382 3357 2402 3429 Η

380 3431 499 3480 274,
525 3445 747 3484 caussa
795 3446 894 3483 om.
933 3434 978 3481 A
1041 3431 1060 3498 ΙΙ
1123 3433 1228 3481 276
1264 3435 1329 3483 ut
1371 3429 1577 3494 falsum
1617 3428 1841 3497 ‘yemim‘
1881 3429 2194 3498 Cupidini&
2234 3432 2399 3483 inter·
2494 3456 2518 3470 ι

379 3504 768 3562 pretamentum
812 3501 914 3553 del.
956 3500 1039 3552 M.
1073 3500 1287 3554 Mz‘c‘ller
1311 3517 1369 3567 p.
1399 3503 1500 3566 29,
1535 3500 1643 3568 ¹qui
1686 3505 1821 3553 recte
1867 3500 1931 3554 de
1953 3501 2138 3558 *Erote
2174 3508 2225 3556 et
2259 3501 2400 3555 Ant-

381 3572 521 3620 erote
547 3570 747 3636 coyitat
771 3572 789 3637 ΙΙ
817 3575 921 3623 277
960 3570 1068 3623 iste
1095 3586 1233 3639 puer
1259 3571 1505 3624 lasciuus
1534 3574 1593 3624 et
1620 3586 1747 3624 acre
1774 3569 1960 3626 nitens
1988 3576 2037 3624 A
2061 3574 2079 3640 ΙΙ
2105 3578 2210 3625 278
2248 3571 2402 3625 iacu-

382 3635 533 3689 latur
567 3642 612 3689 A
640 3640 805 3707 11279.
836 3646 942 3692 280
980 3658 1079 3695 om.
1111 3659 1150 3695 τ
1187 3642 1286 3695 del.
1318 3642 1493 3696 Bothe
1532 3643 1623 3710 (cf.
1658 3646 1784 3709 642,
1826 3642 1949 3696 Oed.
1982 3646 2112 3711 124)
