2658 4117
1044 272 1456 326 PRAEFATIO
2158 274 2261 330 XV

234 445 286 501 p.
326 426 367 483 8
388 443 520 500 sqq.
568 423 964 500 comprobavi.
1051 422 1324 483 Ceterum
1371 443 1440 482 ea
1486 425 1799 498 sententia,
1841 443 2021 499 quam
2067 427 2258 484 veteri

237 514 496 573 editione
543 514 935 589 expressimus
973 504 1059 592 (p.
1090 511 1147 568 V
1179 516 1210 571 1
1236 504 1344 593 ff),
1381 512 1841 590 chirographum
1885 515 2097 588 poetae
2142 533 2260 572 11011

235 602 576 679 praebuisse
621 604 853 660 textum
898 602 1170 661 omnibus
1216 603 1476 661 numeris
1521 601 1900 678 perpolitum,
1946 602 2048 660 sed
2092 604 2261 669 varia

236 692 485 751 lectione
545 690 643 749 vel
698 690 1110 767 dittographia
1162 691 1430 766 plenam,
1487 709 1845 765 quamquam
1898 692 2149 749 nimium
2206 693 2262 750 ei

240 782 380 840 olim
425 779 767 854 tribuimus,
802 781 1005 838 tamen
1049 799 1123 838 ne
1168 779 1346 837 hodie
1392 778 1631 854 quidem
1665 797 1904 855 prorsus
1953 779 2262 853 abicienda

240 874 337 929 est.
423 868 609 928 Velut
649 867 893 926 Medeae
938 885 1140 927 versus
1181 867 1533 927 516—520
1577 869 1695 944 ipsi
1739 867 1925 928 Leoni
1971 869 2260 946 dittogra-

237 960 378 1034 phia
432 957 740 1031 videntur,
783 958 848 1014 in
906 956 1160 1015 Hercule
1222 954 1442 1016 Oetaeo
1502 959 1661 1017 totas
1723 975 1963 1016 scaenas
2027 958 2261 1017 diversa

236 1049 429 1106 forma
473 1047 838 1121 consilioque
876 1035 1237 1121 'compositas
1284 1049 1485 1104 extare
1531 1063 1761 1104 summa
1807 1065 1941 1105 cum
1985 1048 2259 1122 probabi-

237 1137 429 1195 litafis
475 1137 671 1210 specie
713 1134 1050 1194 Mnnzmws
1098 1136 1544 1212 argumentatus
1591 1126 1760 1216 est.*)

369 1222 501 1292 Qua
556 1242 696 1282 vero
750 1225 982 1282 ratione
1037 1227 1098 1282 et
1149 1223 1575 1282 moderationis
1622 1225 1751 1300 lege
1799 1223 2134 1283 adhibenda
2181 1227 2260 1284 sit

236 1314 604 1390 interpolata
658 1313 862 1386 lectiO‚
918 1313 1078 1371 111606
1132 1312 1328 1371 verbis
1382 1312 1511 1372 loco
1567 1313 1753 1372 allato
1807 1332 1863 1388 p.
1898 1316 1976 1371 11
2001 1331 2083 1390 sq.
2132 1316 2259 1390 ipse

237 1403 703 1476 circumscripsi:
741 1394 1067 1460 ε00116611611
1096 1402 1255 1459 inter
1280 1400 1338 1458 A
1359 1403 1419 1460 et
1445 1401 1499 1459 R
1527 1403 1843 1477 conspicuo
1871 1393 1974 1484 (cf.
2002 1422 2059 1478 p.
2084 1405 2120 1461 9
2143 1395 2257 1483 sq.)

233 1511 523 1570 magnum
569 1508 712 1549 sane
755 1492 1005 1568 paratur
1039 1489 1407 1566 praesidium
1444 1492 1791 1550 auctoritati
1826 1493 2041 1550 veteris
2078 1493 2261 1550 inter-

235 1581 544 1657 polatoris.
640 1576 820 1637 Cuius
885 1579 1373 1655 interpolationes
1428 1582 1498 1637 ut
1552 1580 1902 1655 simpliciter
1964 1582 2104 1638 sunt
2166 1600 2261 1639 ex-

234 1667 567 1746 ponendae,
604 1669 690 1726 610
727 1669 956 1726 ceterae
993 1669 1120 1727 eius
1157 1667 1459 1743 lectiones,
1495 1667 1850 1743 ubicumque
1888 1669 1961 1727 ab
1998 1669 2047 1726 Ε
2079 1670 2261 1729 (11606-

237 1758 409 1832 dunt,
447 1757 521 1816 ad
558 1759 788 1816 textum
824 1756 1302 1816 constituendum
1348 1756 1663 1834 diligenter
1700 1761 1842 1816 sunt
1878 1757 2259 1816 adhibendae.

235 1847 400 1905 Nam
445 1845 602 1922 quod
659 1847 743 1904 eis
790 1845 935 1904 locis
981 1845 1054 1904 de
1110 1845 1322 1920 quibus
1371 1845 1802 1922 disputavimus
1858 1846 2084 1904 factum
2139 1865 2261 1906 esse

238 1936 536 1995 evincitur
577 1936 856 2010 rescripti
900 1934 1118 1993 codicis
1163 1936 1525 2009 testimonio,
1569 1936 1788 1993 rectius
1834 1934 2059 1994 scilicet
2102 1935 2282 2013 haud·

232 2042 432 2102 pauca
467 2024 957 2100 interpolatorem
997 2023 1210 2102 legisse
1257 2026 1317 2083 et
1361 2025 1425 2083 in
1472 2041 1645 2083 suum
1690 2024 1910 2083 librum
1954 2026 2261 2085 transscri-

232 2117 455 2191 psisse,
515 2133 696 2189 quam
756 2132 890 2171 eum
952 2114 1056 2188 qui
1120 2112 1380 2171 codicem
1442 2114 1492 2171 E
1554 2114 1649 2172 vel
1710 2116 1835 2173 eius
1900 2115 2263 2192 archetypon

236 2202 490 2279 aliquod
536 2203 824 2276 exaravit,
869 2201 1028 2260 idem
1076 2202 1210 2259 aliis
1256 2201 1421 2276 locis,
1474 2202 1576 2261 ubi
1624 2202 1736 2261 tali
1779 2205 2119 2264 testimonio
2166 2204 2261 2263 (16ὦ

233 2293 443 2351 stituti
515 2308 719 2350 sumus
735 2335 751 2365 ,
830 2289 959 2349 fieri
1030 2292 1293 2366 potuisse
1368 2309 1471 2349 cur
1540 2292 1871 2367 praefracte
1943 2291 2262 2371 negemus?

235 2381 621 2455 Quamquam
674 2379 884 2453 fateor,
930 2381 990 2437 et
1033 2382 1098 2437 in
1151 2379 1263 2438 hoc
1316 2378 1505 2439 Leoni
1560 2382 1866 2454 assentior,
1918 2382 1984 2439 in
2028 2382 2265 2459 vulgari

233 2470 495 2528 lectione
553 2466 886 2527 adhibenda
940 2486 1169 2527 summa
1225 2469 1500 2528 cautione
1557 2487 1703 2545 opus
1759 2487 1901 2544 esse,
1955 2490 2028 2529 ne
2081 2472 2262 2529 inter-

232 2559 532 2635 polatoris
598 2555 848 2615 artificio
916 2559 976 2615 et
1039 2556 1306 2616 sollertia
1361 2556 1693 2633 decipiaris.
1780 2557 1975 2617 Multa
2040 2560 2265 2618 scilicet

234 2648 440 2705 nitent
485 2648 548 2704 et
591 2645 785 2721 primo
831 2645 1045 2704 obtutu
1090 2645 1376 2705 Etruscae
1425 2646 1669 2705 lectioni
1713 2650 2016 2722 praestare
2061 2648 2262 2706 viden-

232 2739 355 2809 tur,
395 2752 551 2810 quae
590 2734 921 2793 accuratius
956 2753 1083 2793 rem
1121 2736 1487 2794 examinanti
1522 2735 1858 2793 damnanda
1894 2739 2048 2795 sunt.
2107 2736 2265 2793 Nam

233 2823 639 2900 interpolatae
674 2824 1030 2882 recensionis
1059 2822 1395 2882 differentia
1422 2843 1784 2900 quamquam
1819 2824 1995 2883 hodie
2031 2842 2263 2900 quoque

234 2912 451 2971 dubito
507 2931 585 2971 an
639 2912 724 2971 eis
781 2912 963 2970 etiam
1017 2912 1180 2987 locis,
1233 2912 1338 2970 ubi
1381 2915 1545 2972 totae
1590 2913 1917 2972 sententiae
1964 2913 2139 2972 aliter
2182 2914 2261 2972 le—

235 3003 468 3080 guntur
510 3018 702 3076 neque
747 3000 949 3058 tamen
995 3001 1121 3060 ulla
1163 3003 1432 3060 mutatae
1478 3002 1745 3061 consulto
1792 3002 2062 3062 lectionis
2108 3005 2262 3062 ratio

232 3091 500 3166 perspici
563 3090 781 3165 possit,
834 3107 954 3147 non
1011 3089 1086 3147 ad
1146 3089 1613 3168 dittographiam
1671 3091 1871 3167 potius
1932 3093 2263 3167 antiquitus

232 3178 530 3237 traditam
585 3198 766 3253 quam
822 3177 897 3237 ad
955 3196 1180 3236 meram
1232 3180 1677 3255 interpolatoris
1730 3178 2039 3239 libidinem
2095 3199 2264 3240 revo-

231 3267 434 3328 canda
474 3269 570 3342 sit,
620 3269 828 3326 tamen
866 3266 976 3325 hoc
1014 3270 1078 3325 in
1122 3268 1290 3327 nulla
1334 3270 1605 3327 versatur
1650 3269 2071 3345 controversia,
2116 3271 2264 3345 quin

230 3360 437 3416 totum
482 3355 928 3434 tragoediarum
974 3373 1183 3432 corpus
1239 3375 1306 3416 eo
1355 3357 1600 3417 consilio
1656 3357 1728 3416 ab
1786 3360 2023 3419 auctore
2067 3377 2262 3417 recen-

380 3562 430 3632 ·)
465 3561 549 3616 1)6
574 3559 823 3617 Hercule
852 3559 1064 3615 Oetaeo
1091 3560 1418 3615 Annaeana.
1473 3560 1856 3631 Abhandlung
1891 3579 2017 3615 zum
2041 3562 2264 3616 Jahres-

226 3628 461 3689 bericht
504 3633 604 3688 des
649 3631 1186 3703 Realgymnasiums
1230 3650 1339 3686 von
1387 3632 1447 3687 P.
1487 3633 1706 3688 Melzer.
1783 3632 2069 3687 Chemnitz
2109 3639 2262 3687 1890.
