2658 4117
1067 240 1384 297 OCTAVIA
2105 247 2189 309 41
2200 247 2232 310 1

210 386 481 451 interius
525 386 655 450 alte
704 386 991 450 condidit
1038 407 1216 451 sacro
1265 387 1428 450 sinu.

207 476 321 539 sed
367 475 436 538 in
480 473 765 558 parentis
810 474 1056 539 viscera
1099 476 1367 539 intravit
1414 498 1564 541 suae

205 563 487 628 deterior
531 567 731 626 aetas:
779 563 946 627 eruit
990 564 1232 627 ferrum
1280 586 1474 649 grave

207 672 589 734 aurumque,
636 672 856 715 saevas
903 674 1056 716 mox
1102 656 1167 716 et
1211 653 1487 716 armavit
1532 675 1785 740 manus;

100 757 105 761 ·
208 741 448 825 partita
493 740 654 803 fines
698 760 897 824 regna
945 742 1309 823 constituit,
1353 763 1553 806 novas
2106 761 2213 808 420

207 828 493 894 extruxit
535 828 754 912 urben,
800 832 972 892 tecta
1018 829 1302 895 defendit
1349 852 1490 914 sua,

204 918 415 982 aliena
460 917 607 981 telis
655 921 767 981 aut
811 917 977 1000 petit
1022 919 1292 1001 praedae
1339 919 1696 983 imminenS.

203 1006 500 1092 neglecta
544 1010 746 1069 terras
791 1006 964 1090 fugit
1008 1011 1072 1070 et
1117 1028 1327 1071 mores
1373 1008 1543 1072 feros

203 1094 542 1159 hominum
591 1099 655 1159 et
701 1100 964 1159 cruenta
1010 1097 1199 1160 caede
1244 1097 1527 1179 pollutas
1574 1118 1801 1161 manus

203 1182 477 1247 Astraea
520 1183 735 1268 virg0,
787 1183 1064 1247 siderum
1111 1206 1420 1270 magnum
1468 1186 1675 1249 decue.
2106 1202 2209 1250 425

206 1272 436 1355 cupido
484 1272 639 1335 belli
687 1273 888 1337 crevit
934 1277 1127 1355 atque
1173 1274 1313 1337 auri
1358 1274 1560 1338 fames

200 1364 416 1425 totum
464 1383 579 1443 per
626 1361 875 1443 orbem,
920 1362 1272 1425 maximum
1320 1366 1616 1426 exortum
1663 1365 1762 1427 est
1806 1363 2049 1426 malum

200 1449 486 1531 luxuria,
532 1449 731 1532 pestis
776 1448 1037 1531 blanda,
1085 1451 1188 1513 oui
1233 1451 1401 1514 vires
1448 1451 1623 1515 dedit

205 1538 531 1619 roburque
577 1538 847 1621 longum
893 1541 1148 1620 tempus
1195 1543 1389 1620 atque
1436 1558 1612 1607 error
1659 1540 1889 1623 gravis,

201 1627 474 1690 collecta
520 1626 677 1689 vitia
724 1647 838 1708 per
883 1629 984 1689 tot
1029 1629 1272 1690 aetates
1319 1628 1431 1690 diu
2103 1644 2208 1691 430

196 1714 272 1777 in
315 1735 434 1778 nos
479 1714 863 1777 redundant:
911 1715 1164 1778 saeculo
1211 1715 1565 1797 premimur
1609 1715 1818 1798 gravi,

199 1823 333 1885 quo
381 1803 620 1866 scelera
665 1806 964 1887 regnant,
1011 1803 1215 1866 saevit
1259 1802 1559 1885 impietas
1605 1802 1852 1884 furenti,

198 1890 379 1973 turpi
422 1890 626 1954 libido
664 1889 912 1954 Venere
957 1890 1327 1954 dominatur
1371 1894 1629 1974 potone,

197 1979 457 2042 luxuria
502 1979 733 2042 victrix
781 1979 955 2043 orbis
1002 1978 1347 2043 immensas
1396 2001 1549 2063 opes

199 2068 330 2131 iam
377 2068 624 2152 pridem
671 2070 878 2133 avaris
925 2068 1221 2132 manibus
1231 2118 1249 2151 ‚
1294 2073 1371 2132 ut
1415 2069 1665 2152 perdat,
1710 2070 1897 2152 rapit.
2099 2085 2204 2134 435

199 2157 313 2221 sed
358 2177 531 2239 ecce,
578 2179 799 2242 gressu
844 2157 1050 2221 fertur
1094 2158 1374 2221 attonito
1419 2155 1594 2221 Nero
2216 2161 2220 2166 “

198 2245 497 2328 trucique
542 2246 744 2310 vultu.
837 2246 992 2331 quid
1037 2245 1201 2310 ferat
1246 2250 1462 2310 mente
1506 2246 1754 2310 horreo,

563 2464 805 2531 NERO
878 2464 1447 2531 PRAEFECTVS
1524 2465 1870 2532 SENECA

333 2598 579 2684 Perage
625 2599 963 2683 imperata:
1011 2600 1224 2682 mitte,
1262 2601 1374 2683 qui
1419 2599 1632 2664 Plauti
1678 2601 1839 2664 mihi

197 2686 545 2770 Sullaeque
592 2690 757 2752 caesi
801 2689 1038 2752 referat
1083 2688 1405 2753 abscisum
1452 2692 1661 2773 caput.
2097 2696 2231 2749 438b

196 2794 443 2840 PRAEF.
490 2775 674 2841 Iussa
718 2778 889 2841 haud
934 2777 1260 2841 morabor:
1307 2782 1517 2843 castra
1565 2776 1903 2843 confestim
1951 2781 2183 2861 petam.

195 2881 345 2929 SEN.
392 2864 579 2930 Nihil
624 2866 693 2929 in
729 2867 1127 2949 propinquos
1164 2870 1405 2931 temere
1443 2867 1751 2931 constitui
1797 2867 1993 2931 decet.
2095 2882 2202 2932 440

195 2971 354 3017 NER.
392 2951 645 3017 Iustum
692 2976 828 3018 esse
873 2954 1061 3019 facile
1109 2959 1208 3019 est
1254 2955 1359 3019 cui
1406 2959 1590 3019 vacat
1634 2959 1859 3038 pectus
1906 2958 2098 3020 metu.

195 3059 346 3107 SEN.
392 3041 704 3128 Magnum
749 3044 1001 3107 timoris
1047 3044 1402 3107 remedium
1448 3043 1788 3108 clementia
1834 3047 1946 3107 est.

338 3240 435 3287 416
471 3234 705 3288 interior
743 3234 858 3289 alte
895 3240 940 3287 A
985 3251 1119 3290 corr.
1154 3246 1210 3301 ψ
1247 3236 1317 3302 cf.
1341 3236 1456 3304 prs.
1489 3235 1522 3289 l.
1551 3252 1606 3289 n.
1656 3237 1675 3304 ΙΙ
1719 3241 1819 3289 421
1858 3235 1971 3289 suis
2009 3241 2054 3288 A
2090 3251 2225 3290 corr.

196 3306 466 3360 Bacheler
499 3305 519 3376 ΙΙ
555 3311 662 3358 424
707 3306 999 3360 hominum
1046 3308 1278 3360 cruenta
1314 3311 1363 3358 A
1409 3308 1466 3360 et
1510 3307 1639 3361 add.
1679 3317 1735 3372 ψ
1794 3309 1812 3376 ΙΙ
1875 3312 1979 3359 428
2018 3313 2069 3361 et
2104 3311 2226 3359 484.

198 3381 301 3428 435
349 3377 430 3430 sic
474 3377 786 3443 afferuntur
841 3395 877 3430 a
940 3378 1222 3432 Vincentio
1269 3378 1476 3432 Bellov.
1524 3394 1659 3447 spec.
1706 3377 1827 3433 hist.
1871 3378 1970 3431 IX
2013 3395 2056 3433 c
2096 3382 2230 3432 113:

200 3446 376 3500 idem
409 3446 660 3517 (Seneca)
698 3447 757 3500 in
788 3447 1046 3501 Octavia.
1085 3447 1309 3501 luxuria
1346 3447 1559 3501 blanda
1585 3448 1776 3517 pestiS.
1843 3448 2044 3502 victrix
2078 3448 2229 3503 orbis

193 3516 497 3571 immensas
526 3534 659 3587 opes
699 3518 880 3572 avaris
918 3518 1180 3572 manibus
1217 3521 1282 3572 ut
1317 3519 1520 3587 perdat
1554 3519 1745 3588 rapit)
1796 3523 1814 3590 ΙΙ
1858 3520 1993 3573 488b
2031 3520 2230 3573 Sillae·-

198 3604 307 3656 que
344 3593 389 3640 A
422 3591 429 3657 Ι
463 3589 773 3643 abscissum
811 3600 867 3654 ψ
896 3592 914 3659 ΙΙ
941 3594 1040 3641 441
1077 3588 1225 3643 iusto
1263 3600 1319 3655 ψ
