2658 4117
1004 1540 1510 1615 INCERTI

773 1799 1753 1921 OCTAVIA

406 2502 564 2543 Nota.
634 2503 700 2542 De
742 2502 959 2544 Octaviae
1000 2507 1200 2552 tempore
1242 2503 1366 2552 quod
1407 2504 1633 2544 Bucheler
1672 2503 1723 2543 in
1752 2504 2067 2546 Coniectaneis
2109 2505 2273 2545 statuit

243 2555 347 2607 (Bb.
378 2555 493 2595 Mus.
523 2557 573 2596 27
605 2557 774 2606 [1872],
810 2556 931 2607 474),
968 2560 1075 2596 ante
1103 2556 1314 2597 Tacitum
1353 2556 1570 2605 scriptam
1606 2568 1704 2598 esse
1741 2558 1972 2608 fabulam,
2006 2558 2274 2598 certissimis

244 2609 528 2658 argumentis
554 2610 965 2657 comprobaverunt
992 2610 1066 2648 Fr.
1086 2610 1245 2650 Iaadek
1271 2610 1652 2651 commentatione
1683 2609 1701 2635 ‘
1705 2612 1773 2651 De
1793 2609 1984 2652 Octavia
2010 2609 2271 2659 praetexta'

244 2663 295 2701 in
323 2661 459 2701 tertio
494 2662 878 2703 Dissertationum
906 2663 1331 2703 vindobonensium
1367 2664 1601 2703 volumine
1640 2676 1679 2704 a.
1702 2665 1804 2704 1891
1833 2663 1957 2703 edito
1985 2676 2028 2712 p.
2060 2665 2190 2704 1—49
2227 2670 2274 2706 et

243 2715 296 2755 G.
311 2714 592 2764 Nordmeyer
609 2715 665 2754 de
684 2714 779 2756 Oct.
800 2716 892 2757 fab.
911 2716 1120 2756 fontibus
1138 2716 1244 2755 hist.
1265 2715 1487 2767 (Schedae
1507 2717 1558 2756 in
1575 2717 1682 2756 hon.
1697 2716 1890 2758 Useneri
1910 2718 2014 2757 1891
2034 2729 2076 2765 p.
2094 2718 2147 2757 94
2162 2718 2273 2769 sqq.)

243 2771 291 2807 et
331 2767 421 2807 ‘De
462 2767 678 2808 Octaviae
718 2767 901 2810 fabula'
942 2769 992 2808 in
1035 2769 1361 2818 Supplemento
1396 2770 1511 2808 XIX
1551 2769 1719 2811 Annal.
1763 2769 1921 2817 philol.
1959 2781 2001 2818 p.
2032 2770 2274 2811 257—817.

248 2821 315 2860 Cf.
336 2821 591 2861 Ladekium
611 2833 653 2870 p.
673 2822 747 2862 95:
779 2821 853 2862 ‘id
879 2824 1094 2872 probasse
1123 2822 1255 2861 nobis
1282 2821 1493 2861 videmur
1520 2821 1758 2863 Octaviam
1786 2822 1926 2870 paulo
1954 2827 2059 2871 post
2076 2823 2274 2865 Neronis

245 2878 461 2926 mortem,
497 2874 657 2923 primis
694 2875 962 2916 Flaviorum
991 2876 1270 2924 temporibus
1308 2874 1447 2926 (idem
1476 2875 1638 2916 statuit
1665 2876 1758 2915 Leo
1786 2877 1811 2914 Ι
1840 2878 1879 2925 1,
1914 2875 1972 2915 cf.
2003 2875 2048 2915 C.
2077 2875 2274 2916 Hosium

245 2927 380 2968 ‘Luc
401 2940 444 2967 u.
467 2926 659 2969 Seneca’
690 2927 859 2970 Annal.
888 2930 1047 2978 philol.
1069 2931 1121 2970 88
1151 2930 1295 2977 [1892]
1325 2939 1369 2976 p.
1390 2928 1509 2979 355),
1545 2929 1851 2977 conscriptam
1879 2939 1976 2969 esse
2006 2930 2061 2969 ab
2090 2929 2274 2970 homine

242 2981 443 3029 quodam
485 2981 862 3022 scholasticorum
905 2982 1114 3022 doctrina
1154 2980 1368 3021 imbuto’.
1451 2981 1706 3022 Domitiani
1746 2981 2026 3029 temporibus
2066 2982 2274 3023 fabulam

243 3034 464 3074 adscribit
500 3034 782 3084 Nordmeyer
816 3048 860 3085 p.
890 3038 992 3077 810:
1034 3035 1206 3083 ‘capite
1232 3035 1304 3074 Πο
1342 3034 1757 3074 demonstravimus
1794 3037 1901 3075 ante
1930 3034 2138 3075 Tacitum
2176 3046 2274 3076 esse

240 3087 550 3136 conscriptam
590 3088 896 3140 tragoediam,
933 3101 1030 3138 cap.
1059 3089 1156 3128 111⁰
1183 3088 1340 3128 decem
1369 3087 1610 3127 minimum
1638 3087 1773 3128 annis
1801 3089 1905 3135 post
1934 3098 2105 3128 annum
2135 3088 2275 3128 trium

241 3141 571 3189 imperatorum
610 3141 742 3189 [haec
770 3146 869 3184 erat
897 3142 1125 3183 sententia
1153 3141 1338 3181 Meiseri
1375 3140 1494 3181 Hist.
1523 3141 1724 3180 Dramen
1751 3140 1793 3179 d.
1823 3140 1989 3179 Bomer
2016 3152 2059 3188 p.
2089 3142 2164 3191 18,
2199 3142 2275 3181 cui

241 3194 382 3234 etiam
410 3194 570 3235 Ladek
596 3194 861 3244 obloquitur
879 3208 921 3244 p.
942 3198 1029 3246 94],
1056 3196 1145 3235 1V0
1163 3197 1269 3235 ante
1287 3193 1566 3242 Quintiliani
1591 3194 1761 3234 librum
1788 3193 1845 3232 de
1863 3193 2015 3233 causis
2033 3197 2275 3242 corruptae

243 3247 547 3296 eloquentiae.
604 3247 679 3288 Sic
707 3248 1056 3289 concinentibus
1084 3247 1246 3288 ceteris
1263 3248 1414 3297 rebus,
1441 3246 1607 3297 titulis,
1634 3257 1683 3286 re
1703 3246 2003 3297 grammatica
2021 3249 2068 3287 et
2085 3246 2275 3289 metrica

243 3301 368 3340 ultro
397 3312 451 3341 eo
479 3301 625 3342 delati
652 3312 834 3353 sumus,
871 3305 923 3342 ut
951 3302 1158 3342 fabulam
1186 3299 1441 3340 Domitiani
1468 3301 1611 3340 aetati
1638 3299 1964 3341 adscribamus.
2022 3298 2275 3341 Caveamus

243 3357 414 3404 autem,
442 3366 498 3395 ne
527 3354 664 3394 nimis
693 3355 831 3405 longe
859 3366 960 3396 eam
989 3356 1045 3395 ab
1075 3364 1196 3396 anno
1224 3356 1291 3404 81,
1318 3364 1410 3402 quo
1440 3352 1544 3392 Tito
1572 3353 1707 3394 fratri
1734 3352 2029 3393 Domitianus
2057 3353 2276 3394 successit

244 3406 598 3449 removeamus’.
647 3407 830 3449 Certum
849 3409 936 3449 hoc
957 3419 1114 3458 unum,
1141 3411 1245 3456 post
1265 3406 1463 3447 Senecae
1484 3406 1674 3458 obitum,
1702 3409 1808 3446 ante
1829 3406 2039 3447 Tacitum
2059 3407 2275 3455 scriptam

244 3470 344 3500 esse
363 3465 671 3510 praetextam3
698 3461 895 3503 certiora
923 3461 1052 3510 sequi
1078 3460 1320 3511 lubricum,
1347 3460 1476 3499 velut
1504 3470 1723 3508 perquam
1751 3458 1893 3500 dubia
1921 3462 1991 3499 est
2016 3458 2071 3498 A„
2092 3459 2276 3500 Gercln‘i

241 3512 666 3559 (Seneca-Studien
703 3514 862 3563 Suppl.
891 3514 1059 3554 Annal.
1087 3514 1203 3552 PhiL
1224 3514 1275 3553 22
1306 3514 1451 3561 [1896]
1481 3525 1524 3561 p.
1546 3513 1622 3553 195
1643 3513 1754 3562 sqq.)
1794 3513 1871 3553 199
1907 3513 1963 3552 de
1990 3512 2142 3553 Plinio
2169 3524 2277 3553 con-

240 3566 433 3658 Ξίοιιιτὲ,
458 3568 517 3608 cf.
536 3571 772 3617 praeterea
801 3568 1089 3617 Steinberger
1117 3567 1312 3618 (Blatter
1339 3566 1371 3604 f.
1392 3565 1434 3605 d.
1454 3565 2007 3616 Gymnasialschulwesen
2033 3566 2166 3606 XXX
2186 3568 2278 3618 124,

294 3621 383 3658 (inc
418 3630 475 3660 en
504 3623 637 3672 1894).
