2658 4117
381 239 516 304 400
1035 237 1096 290 L.
1125 234 1410 290 ANNAEI
1447 234 1772 288 SENECAE

703 400 908 447 NVTR.
957 379 1188 445 Omina
1235 401 1473 462 quaeso
1521 379 1650 443 sint
1695 380 1818 443 ista
1864 380 2107 462 procul.
2318 394 2393 444 80

705 488 857 536 oc'r.
904 469 1059 535 Non
1103 474 1254 534 vota
1300 490 1478 533 meos
1523 473 1636 531 tua
1681 489 1853 532 nunc
1900 489 2109 551 casus,

706 559 815 624 sed
860 559 994 623 fata
1039 562 1288 642 regunt

704 665 910 711 NVTR.
956 646 1156 711 Dabit
1201 646 1480 710 afflictae
1527 646 1793 709 meliora
1839 645 1994 708 deus

705 741 997 838 tempora
1043 736 1244 818 mitis3
1291 739 1364 798 tu
1411 734 1603 798 modo
1652 734 1888 798 blando

706 825 890 889 vince
938 825 1246 906 obsequio
1294 823 1548 906 placata
1593 823 1802 886 virum
2319 838 2389 886 85

709 930 862 977 ΟΟΤ.
909 911 1182 977 Vincam
1229 933 1452 975 saevos
1497 916 1646 975 ante
1691 912 1907 975 leones
2217 927 2220 928 ’

705 1003 1031 1087 tigresque
1076 1005 1313 1082 truces,

706 1090 841 1154 fera
888 1111 1080 1171 quam
1129 1090 1300 1153 saevi
1348 1088 1540 1152 corda
1585 1088 1859 1171 tyranni.

708 1179 844 1242 odit
887 1179 1140 1263 genitos
1187 1177 1498 1261 sanguine
1545 1177 1746 1259 clam,

708 1268 951 1350 spernit
997 1287 1261 1349 superos
1307 1265 1730 1349 hominesque
1777 1265 1996 1348 simul,
2319 1281 2389 1329 90

707 1376 825 1419 nec
869 1354 1195 1418 fortunam
1243 1354 1418 1438 capit
1463 1355 1601 1437 ipse
1647 1375 1829 1417 suam

709 1464 902 1526 quam
949 1443 1125 1506 dedit
1169 1443 1266 1506 1111
1313 1464 1429 1526 per
1473 1444 1680 1507 scelus
1725 1443 1953 1527 ingens

710 1532 972 1595 infanda
1018 1553 1262 1614 parens.
1356 1532 1508 1595 licet
1553 1532 1879 1616 ingratum

709 1621 883 1685 dirae
930 1620 1166 1703 pudeat
1212 1641 1475 1683 munere
1522 1622 1744 1683 matris

706 1709 831 1774 hoc
877 1709 1218 1792 imperium
1265 1710 1535 1792 cepisse,
1580 1710 1732 1772 licet
2320 1717 2388 1771 95

707 1802 959 1862 tantum
1007 1819 1239 1861 munus
1287 1801 1494 1862 morte
1539 1796 1872 1880 rependat,

707 1887 869 1951 feret
913 1886 1086 1951 hunc
1130 1887 1395 1950 titulum
1442 1889 1590 1968 post
1634 1884 1769 1949 fata
1813 1889 2031 1948 tamen

707 1975 946 2038 femina
989 1975 1187 2060 longo
1228 1996 1488 2064 semper
1531 1975 1632 2037 111
1646 1995 1821 2037 aevo,

709 2081 914 2127 NVTR.
961 2062 1182 2127 Animi
1227 2057 1431 2127 retine
1477 2063 1672 2127 verba
1717 2063 2015 2145 furentis,

708 2156 945 2216 temere
993 2153 1287 2215 emissam
1337 2153 1687 2235 comprime
1734 2172 1973 2215 vocem
2321 2157 2422 2209 99¹³

390 2365 542 2439 oc'r.
568 2346 924 2411 Toleranda
944 2346 1235 2428 quamvis
1254 2347 1482 2430 patiar,
1500 2345 1673 2409 haud
1691 2366 1999 2428 umquam
2020 2349 2257 2429 queant
2290 2361 2395 2411 100

390 2438 515 2501 nisi
563 2439 769 2501 morte
815 2435 987 2500 tristi
1030 2439 1250 2499 nostra
1295 2435 1470 2499 finiri
1516 2434 1700 2498 mala.
1827 2448 1830 2449 ’

388 2525 709 2611 genetrice
756 2546 963 2606 caesa,
1010 2546 1124 2607 per
1170 2522 1376 2589 scelus
1422 2527 1609 2606 rapto
1657 2526 1865 2606 patre,

391 2615 615 2678 orbata
659 2614 883 2697 fratre,
930 2614 1202 2677 miseriis
1247 2615 1428 2677 luctu
1479 2613 1736 2694 obruta,

389 2723 674 2766 maerore
720 2723 963 2785 pressa,
1010 2702 1270 2787 coniugi
1316 2702 1524 2765 invisa
1569 2721 1644 2764 ac
1689 2721 1868 2764 meae

391 2791 676 2855 subiecta
720 2791 998 2855 famulae
1043 2792 1187 2854 11100
1231 2812 1367 2854 11011
1410 2794 1594 2874 grata
1639 2789 1835 2871 fruor,
2292 2804 2396 2852 105

389 2874 748 2962 trepidante
795 2900 1046 2962 semper
1091 2879 1280 2944 corde
1324 2899 1459 2942 non
1504 2878 1730 2942 mortis
1775 2880 1979 2959 metu,

390 2968 500 3033 sed
549 2968 802 3031 sceleris
840 3004 924 3014 —
964 2968 1134 3032 absit
1178 2967 1420 3031 crimen
1464 2988 1502 3030 a
1546 2967 1698 3029 fatis
1744 2965 1929 3048 meis,

389 3057 555 3121 mori
600 3056 873 3139 iuvabit3
918 3078 1126 3139 poena
1170 3077 1319 3119 nam
1369 3055 1625 3140 gravior
1670 3074 1823 3117 nece
1870 3058 1967 3118 est

534 3306 603 3353 82
668 3299 766 3353 sed
820 3301 951 3353 vota
1013 3301 1096 3354 vel
1151 3299 1249 3353 sed
1302 3314 1431 3353 mea.
1483 3301 1616 3352 vota.
1678 3309 1734 3364 ψ
1789 3301 1808 3367 η
1865 3303 1931 3351 86
1978 3315 2027 3350 v.
2077 3297 2260 3351 fulvos
2311 3308 2367 3363 ψ
2408 3300 2426 3367 ΙΙ

390 3377 460 3425 90
497 3371 767 3440 superbos
795 3370 1146 3453 humilesque
1175 3376 1220 3423 Δ
1256 3387 1392 3424 corr
1421 3370 1615 3424 Delrio
1643 3372 1661 3439 ΙΙ
1687 3374 1786 3422 100
1824 3369 2146 3423 inscribitur
2174 3385 2424 3422 o‘ruvu.

390 3460 603 3500 izv-rm
621 3452 677 3506 ψ
711 3444 718 3509 Ι
752 3441 980 3508 quaevis
1016 3443 1082 3496 oi.
1113 3442 1370 3510 Lipsius,
1416 3442 1456 3493 t
1461 3440 1690 3509 quaevis
1737 3441 1962 3509 paterer
2008 3442 2069 3493 at
2113 3455 2426 3507 numquam

391 3513 611 3634 {meunt
638 3512 896 3634 Gronqgn
926 3519 985 3567 at
1009 3513 1078 3579 οΓ.
1110 3514 1223 3567 Leo
1246 3530 1304 3580 p.
1326 3515 1439 3566 385
1466 3512 1484 3579 ΙΙ
1512 3516 1608 3615 108
1646 3526 1831 3580 poena
1868 3527 2017 3565 nunc
2053 3521 2109 3575 ψ
2148 3511 2215 3577 οΓ.
2241 3513 2424 3579 praef.

464 3598 505 3634 n
558 3599 596 3649 p
642 3598 757 3635 1am
846 3583 992 3651 eiper
