2658 4117
375 251 461 314 84
1016 249 1075 303 L.
1105 247 1388 301 ANNAEI
1424 247 1750 303 SENECAE

374 413 534 459 HEL.
580 374 670 458 Te
718 399 885 459 sorte
932 394 1139 478 prima
1186 391 1448 477 Scyrius
1495 393 1742 459 iuvenis
1788 394 1956 459 tulit.

374 502 583 548 ANDR.
632 481 984 547 Cassandra
1027 483 1213 565 felix,
1258 503 1454 564 quam
1499 481 1680 546 furor
1725 483 1883 547 sorti
1930 482 2155 545 eximit

372 573 816 654 Phoebusque.
846 590 1004 635 HEL.
1020 571 1272 657 Regum
1291 571 1459 635 hanc
1477 571 1794 635 maximus
1813 575 2023 636 rector
2039 575 2233 637 tenet.
2264 587 2368 636 978

374 679 531 726 HEC.
576 660 871 745 Laetare,
918 660 1149 746 gaude,
1193 664 1363 725 nata.
1455 680 1647 741 quam
1694 660 1887 724 vellet
1931 664 2078 724 tuos
2264 676 2369 725 967

378 749 732 815 Cassandra
776 750 1123 832 thalamos,
1167 749 1380 815 vellet
1408 745 1855 812 Andromache
1901 752 2064 812 tuos.
2265 765 2368 814 968

376 844 553 905 estne
601 839 861 922 aliquis,
906 837 1241 902 Hecubam
1278 837 1392 919 qui
1437 859 1618 900 suam
1663 837 1790 900 dici
1833 837 2034 901 velit?
2264 854 2367 902 979

372 945 531 991 HEL
578 926 801 992 Ithaco
849 927 1141 1012 obtigisti
1186 926 1421 1009 praeda
1466 927 1712 991 nolenti
1758 926 1987 990 brevis.
2263 942 2369 991 980

373 1034 531 1081 HEC.
578 1015 733 1092 Quis
779 1021 912 1080 tam
958 1017 1279 1099 impotens
1325 1035 1401 1078 ac
1447 1015 1641 1078 durus
1688 1019 1751 1080 et
1796 1016 2053 1096 iniquae
2097 1014 2270 1078 ferus

376 1107 642 1170 sortitor
686 1127 881 1169 urnae
928 1105 1187 1190 regibus
1232 1124 1416 1188 reges
1463 1103 1678 1167 dedit?

376 1195 519 1277 quis
564 1198 698 1258 tam
751 1195 1006 1258 sinister
1049 1193 1276 1257 dividit
1323 1196 1542 1275 captas
1590 1191 1786 1255 deus?

377 1284 521 1366 quis
568 1283 808 1347 arbiter
852 1282 1124 1346 crudelis
1172 1286 1235 1346 et
1279 1281 1528 1345 miseris
1574 1281 1785 1366 gravis

376 1374 610 1456 eligere
656 1372 949 1435 dominos
994 1371 1199 1436 nescit
1244 1374 1309 1434 et
1354 1369 1571 1454 [saeva
1616 1392 1812 1434 manu
2262 1385 2366 1435 985

378 1460 485 1524 dat
531 1461 751 1543 iniqua
796 1460 1045 1524 miseris
1089 1459 1264 1524 fata?
1312 1458 1485 1542 quis]
1532 1463 1803 1524 matrem
1848 1457 2145 1526 Hectoris

377 1550 570 1614 armis
616 1547 889 1613 Achillis
935 1549 1202 1612 miscet?
1247 1548 1327 1612 ad
1375 1547 1614 1613 Vlixen
1658 1569 1878 1613 vocor:

376 1660 548 1705 nunc
592 1638 788 1721 victa,
833 1658 1004 1702 nunc
1050 1638 1328 1720 captiva,
1372 1657 1544 1702 nunc
1591 1639 1836 1702 cunctis
1881 1635 2042 1700 mihi

378 1728 637 1792 obsessa
681 1728 903 1791 videor
947 1726 1233 1790 cladibus
1281 1763 1366 1771 —
1413 1725 1658 1789 domini
1702 1726 1928 1809 pudet,

377 1838 509 1882 non
555 1817 896 1880 servitutis.
987 1814 1314 1899 [Hectoris
1362 1815 1640 1898 spolium
1685 1815 1847 1879 feret
2267 1831 2371 1880 990

378 1906 491 1987 qui
535 1905 688 1970 tulit
723 1903 995 1968 Achillis
1006 1904 1069 1987 P]
1117 1904 1351 1968 sterilis
1398 1908 1462 1968 et
1507 1903 1710 1967 saevis
1755 1903 1936 1968 fretis

378 1994 625 2058 inclusa
670 1995 861 2058 tellus
908 2015 1040 2056 non
1086 1993 1257 2076 capit
1302 1993 1586 2056 tumulos
1632 2014 1808 2055 meos
1858 2029 1936 2037 —

380 2084 528 2169 duc,
575 2084 723 2166 duc,
768 2082 987 2165 Vlixe,
1032 2082 1127 2146 nil
1173 2102 1407 2164 moror,
1448 2082 1783 2145 dominum
1828 2103 2085 2167 sequor3

378 2195 482 2235 me
527 2193 670 2235 mea
716 2175 1062 2253 sequentur
1106 2170 1265 2234 fata:
1311 2192 1444 2234 non
1489 2172 1718 2256 pelago
1766 2172 1946 2253 quies

379 2261 729 2342 tranquilla
774 2262 1014 2342 veniet,
1060 2259 1297 2325 saeviet
1344 2260 1550 2323 ventis
1596 2281 1797 2341 mare,
2266 2275 2369 2324 995

606 2371 642 2408 *
1068 2372 1104 2408 *
1530 2371 1566 2408 *

381 2442 446 2502 et
492 2438 661 2501 bella
708 2441 771 2502 et
816 2437 997 2522 ignes
1045 2441 1109 2501 et
1152 2459 1294 2501 mea
1343 2441 1406 2501 et
1449 2436 1690 2500 Priami
1734 2440 1919 2501 mala.

382 2528 659 2608 dumque
706 2527 829 2590 ista
874 2526 1160 2608 veniant,
1206 2527 1462 2591 interim
1508 2525 1633 2589 hoc
1678 2547 1922 2609 poenae
1967 2527 2111 2590 loco
2159 2531 2281 2591 est:

382 2619 619 2679 sortem
666 2616 998 2699 occupavi,
1044 2615 1398 2698 praemium
1444 2616 1651 2697 eripui
1695 2616 1833 2679 tibi.
1871 2653 1958 2661 --

516 2702 641 2768 Sed
687 2728 767 2769 en
804 2705 999 2768 citato
1046 2703 1332 2787 Pyrrhus
1377 2705 1652 2767 accurrit
1698 2704 1900 2789 gradu

381 2794 691 2875 vultuque
737 2798 938 2857 torvo
1029 2791 1300 2877 Pyrrhe,
1348 2793 1503 2875 quid
1548 2793 1797 2857 cessas?
1843 2815 1961 2878 age
2236 2810 2375 2858 1000

380 2882 635 2946 reclude
681 2882 849 2945 ferro
897 2886 1119 2964 pectus
1168 2886 1232 2947 et
1276 2880 1550 2950 Achillis
1597 2882 1694 2946 tui

382 2970 699 3056 coniunge
746 2991 1015 3034 soceros.
1107 2993 1328 3056 perge,
1374 2975 1688 3036 mactator
1736 2993 1985 3053 senum,

381 3111 456 3164 N.
487 3109 757 3164 Heinsius
783 3126 838 3177 p.
860 3112 969 3163 156
1000 3110 1090 3176 (ef.
1119 3126 1167 3163 v.
1190 3113 1327 3177 987)
1357 3112 1376 3179 11
1403 3115 1506 3163 977
1537 3111 1683 3163 sorte
1716 3115 1761 3161 A
1787 3111 1806 3178 u
1834 3115 1938 3163 978
1968 3128 2088 3173 nnc.
2119 3108 2403 3163 Phoebus-

386 3197 495 3248 que
530 3187 573 3233 Ε
601 3183 620 3250 ΙΙ
647 3186 752 3234 979
788 3182 1166 3250 11110.ΔΙΙ981
1201 3184 1401 3250 potens
1438 3198 1479 3235 τ
1510 3183 1517 3250 Ι
1551 3180 1704 3234 dirus
1742 3181 1964 3236 Richter
1998 3182 2163 3251 symb.
2193 3197 2247 3248 p.
2277 3185 2350 3235 19
2384 3180 2406 3252 Η

382 3256 485 3304 985
507 3268 583 3315 sq.
615 3268 867 3306 saeva—
890 3252 1015 3319 quis
1042 3253 1144 3307 del.
1174 3253 1377 3320 Peiper
1401 3255 1420 3321 ΙΙ
1447 3257 1552 3305 990
1571 3269 1647 3316 sq.
1676 3251 2018 3306 Hectoris—
2031 3251 2269 3305 Achillis
2297 3252 2400 3307 del.

381 3322 496 3377 Leo
522 3324 540 3391 Η
582 3328 687 3376 992
723 3341 859 3377 1111111
897 3323 1052 3392 capit
1087 3339 1127 3379 τ
1161 3326 1180 3393 ΙΙ
1216 3328 1497 3377 994-998
1529 3329 1656 3391 post
1690 3328 1822 3375 1008
1861 3330 2071 3393 tranep.
2109 3322 2352 3393 Scaliyer
2386 3324 2407 3392 11

383 3397 493 3444 995
524 3394 720 3448 ueniat
748 3393 966 3449 saeuiat
992 3400 1037 3446 A
1070 3396 1078 3462 Ι
1103 3401 1229 3463 poet
1264 3399 1368 3448 995
1407 3395 1515 3449 tale
1545 3395 1680 3462 quid
1706 3394 2042 3449 intercidisse
2069 3400 2237 3463 putat
2263 3394 2406 3448 Leo:

384 3462 674 3545 sociosque
732 3469 973 3535 merget,
1029 3465 1266 3520 obruent
1314 3464 1577 3519 reducem
1623 3481 1843 3532 quoque
1887 3466 1906 3537 ΙΙ
1952 3471 2057 3518 996
2111 3464 2210 3534 ign
2211 3465 2258 3517 is

384 3539 488 3587 997
525 3534 756 3590 uenient
792 3541 837 3587 A
883 3535 1118 3590 ueniunt
1153 3543 1196 3589 Ε
1232 3552 1369 3591 corr.
1404 3547 1458 3602 ψ
1491 3538 1498 3604 Ι
1529 3536 1670 3590 haec
1706 3552 1890 3605 poena
1926 3535 1986 3589 in
2021 3483 2210 3591 locogn
2183 3537 2268 3589 est
2303 3540 2348 3586 A

383 3610 487 3659 998
518 3606 727 3675 eripuit
754 3607 894 3659 mihi
912 3612 957 3658 A
974 3607 993 3679 ΙΙ
1012 3612 1117 3660 999
1147 3608 1245 3661 sed
1272 3606 1510 3662 incitato
1530 3625 1586 3661 ω
1614 3624 1750 3663 corr.
1773 3608 2007 3680 Peiperu
2025 3613 2159 3660 1000
2186 3605 2340 3676 pyrri
2359 3612 2403 3659 E
