2658 4117
901 280 1280 335 HERCVLES
1320 280 1700 352 [OETAEVS]
2183 280 2314 345 389

283 427 452 490 votis
501 426 786 510 peperci,
830 426 925 488 nil
971 446 1091 510 ego
1138 448 1176 489 a
1223 426 1469 510 superis
1517 425 1650 510 peti

283 516 607 579 incolume
653 519 834 578 nato:
882 515 1035 594 quid
1081 515 1230 578 dare
1277 513 1633 578 Herculeus
1680 514 1840 577 mihi

279 625 412 667 non
457 608 710 688 poterat
756 603 986 666 ardor?
1032 603 1176 684 quis
1223 603 1378 667 deus
1427 602 1770 685 quicquam
1817 603 1979 682 mihi
2176 618 2313 666 1845

277 702 515 776 'negare
562 691 858 774 poterat?
902 695 1054 755 vota
1099 691 1169 755 in
1213 690 1336 754 hac
1379 691 1637 755 fuerant
1682 713 1903 755 manu:

282 780 588 863 quicquid
632 783 897 864 negaret
941 777 1253 862 Iuppiter,
1297 781 1478 844 daret
1524 778 1851 844 Hercules.

281 869 435 951 quid
480 870 609 933 tale
656 867 947 953 genetrix
994 868 1128 933 ulla
1173 868 1463 932 mortalis
1511 868 1706 931 tulit?

279 957 558 1058 deriguit
602 958 819 1039 aliqua
864 960 1088 1038 mater,
1132 961 1206 1019 ut
1251 960 1392 1020 toto
1443 958 1622 1020 stetit

280 1046 524 1109 succisa
569 1046 734 1126 fetu,
781 1044 1008 1127 bisque
1055 1049 1353 1129 septenos
1401 1066 1662 1130 gregem
2176 1061 2315 1109 1850

280 1135 612 1217 deplanxit
657 1156 811 1197 una·
858 1134 1161 1217 gregibus
1209 1134 1469 1235 aequari
1516 1156 1695 1197 meus

281 1227 441 1305 quot
486 1223 597 1285 ille
643 1223 940 1304 poterat?
986 1222 1299 1286 matribus
1347 1223 1596 1287 miseris
1644 1221 1853 1285 adhuc

281 1313 611 1394 exemplar
655 1311 881 1394 ingens
929 1311 1133 1374 derat:
1178 1309 1487 1374 Alcmene
1535 1311 1717 1374 dabo.

279 1403 548 1481 cessate,
594 1403 857 1481 matres,
902 1400 1197 1481 pertinax
1245 1400 1299 1463 si
1347 1421 1505 1482 quas
1552 1400 1737 1462 dolor

277 1487 488 1551 adhuc
534 1487 712 1551 iubet
756 1488 1004 1572 lugere,
1051 1509 1208 1570 quas
1254 1489 1468 1551 luctus
1517 1489 1729 1571 gravis
2177 1503 2312 1551 1855

279 1576 348 1638 in
396 1598 550 1639 saxa
595 1576 814 1658 vertit3
862 1575 1064 1639 cedite
1110 1575 1212 1641 his
1261 1579 1529 1638 cunctae
1575 1576 1777 1639 malis.

277 1664 552 1748 agedum
601 1664 803 1730 senile
845 1668 1096 1745 pectus,
1144 1685 1182 1726 0
1229 1664 1498 1727 miserae
1544 1685 1800 1745 manus,

278 1751 550 1834 pulsate.
642 1754 709 1814 at
754 1774 882 1814 una
927 1752 1138 1815 funeri
1182 1755 1366 1815 tanto
1415 1756 1513 1816 sat
1559 1756 1655 1816 est

278 1840 640 1923 grandaeva
686 1862 844 1904 anus
893 1840 1168 1922 defecta,
1214 1839 1388 1922 quod
1433 1843 1610 1904 totus
1657 1840 1835 1904 brevi

276 1929 312 1989 †
358 1927 486 1990 iam
535 1933 795 2009 quaeret
842 1928 1058 1992 orbis?
1104 1928 1333 2010 expedi
1379 1928 1448 1991 in
1493 1930 1789 2011 planctus
1836 1932 2053 1992 tamen
2174 1944 2311 1993 1860

277 2015 525 2080 defessa
573 2037 961 2099 quamquam
1008 2015 1334 2081 bracchia:
1381 2016 1687 2082 invidiam
1734 2017 1808 2081 ut
1854 2017 1987 2082 deis

279 2104 560 2188 lugendo
607 2106 832 2188 facias,
876 2107 1117 2169 advoca
1163 2106 1232 2169 in
1278 2107 1574 2188 planctus
1621 2127 1840 2190 genus.

702 2297 798 2364 Ite
845 2298 1193 2364 Alcmenae

564 2389 940 2472 magnique
986 2386 1159 2452 Iovis
1208 2388 1498 2472 plangite
1545 2393 1797 2471 natum,

597 2476 700 2538 cui
747 2481 1059 2559 concepto
1106 2478 1219 2539 lux
1264 2499 1395 2540 una
1440 2477 1609 2560 perit
2172 2493 2310 2542 1865

414 2705 546 2754 1843
602 2701 780 2755 nichil
824 2709 867 2755 B
922 2707 940 2772 ΙΙ
994 2708 1129 2756 1844
1177 2704 1328 2773 quod
1373 2710 1415 2756 B
1470 2707 1489 2772 η
1543 2708 1674 2756 1845
1731 2721 1784 2757 n.
1823 2721 1878 2772 p.
1918 2720 1967 2757 a.
2009 2704 2311 2772 quisquam

270 2771 412 2824 mihi
439 2777 482 2823 Ε
521 2774 643 2841 (om.
674 2773 800 2842 quis
830 2772 988 2842 deus)
1016 2777 1035 2842 ΙΙ
1062 2779 1194 2827 1848
1233 2775 1490 2844 genetrix
1526 2791 1628 2828 om.
1658 2781 1701 2827 B
1735 2776 1742 2841 Ι
1773 2790 1890 2828 una
1924 2780 1967 2826 Ε
1996 2777 2016 2843 ΙΙ
2042 2779 2176 2827 1848
2214 2775 2311 2829 de-

271 2841 432 2924 fleuit
469 2859 518 2896 a
559 2861 632 2898 m.
663 2846 721 2898 et
756 2861 812 2898 ω
851 2861 985 2899 corr.
1021 2847 1244 2900 Gronov
1280 2847 1398 2916 (qui
1422 2845 1644 2913 scripsit
1670 2843 1927 2914 diriguit)
1955 2845 1974 2913 ΙΙ
2001 2850 2136 2897 1850
2171 2845 2310 2900 fletu

266 2912 478 2980 uixque
505 2920 548 2966 Β
585 2930 784 2984 greges
823 2932 879 2968 ω
916 2931 1050 2971 corr.
1090 2917 1204 2970 Leo
1258 2919 1276 2984 ΙΙ
1331 2921 1456 2968 1851
1496 2915 1775 2968 declausit
1810 2922 1853 2968 B
1887 2919 1895 2985 Ι
1929 2931 2173 2985 aequare
2209 2923 2252 2969 B
2294 2916 2306 2988 Ι

269 2984 412 3036 meis
440 2996 496 3050 ψ
524 2987 544 3054 ΙΙ
570 2989 706 3037 1852
734 2986 873 3054 quid
901 2985 1037 3040 ille?
1063 2987 1290 3056 poterat
1314 3006 1388 3040 m.
1417 2992 1460 3038 Ε
1489 2989 1508 3055 ΙΙ
1535 2991 1667 3038 1853
1699 2985 1860 3040 dabit
1886 2991 1933 3038 A
1959 2989 1978 3055 ΙΙ
2004 2992 2136 3040 1858
2167 2989 2226 3040 et
2251 3006 2309 3041 ω

271 3071 410 3109 corr
433 3054 746 3110 Koetselmu
777 3060 785 3127 1
818 3072 877 3110 es
906 3058 971 3111 ei.
994 3057 1194 3126 Peiper
1219 3060 1238 3126 u
1264 3062 1398 3109 1858
1427 3063 1687 3111 manusE
1721 3059 1729 3125 Ι
1763 3073 1933 3127 quam
1961 3059 1999 3110 t.
2022 3057 2272 3111 breuisB
2292 3060 2313 3127 ΙΙ

267 3130 404 3178 1880
450 3128 717 3194 sequetur
750 3128 901 3182 orbis
939 3129 1015 3182 N.
1043 3128 1315 3183 Heinsius
1344 3145 1403 3196 Ρ.
1435 3132 1545 3182 319
1595 3131 1603 3196 Ι
1653 3128 1769 3181 iam
1805 3131 1845 3183 t.
1885 3130 1940 3182 b.
1975 3131 1982 3197 Ι
2017 3131 2309 3182 concurret

267 3196 419 3250 orbis
466 3197 581 3252 Leo
636 3214 745 3266 quo
793 3201 832 3252 t.
873 3199 925 3251 b
976 3199 1270 3253 conveniet
1315 3216 1364 3252 0.
1415 3198 1751 3265 Koetsehau,
1808 3199 1923 3252 iam
1968 3202 2205 3268 peraget
2256 3216 2304 3253 ο.

266 3266 494 3321 Richter
545 3271 565 3337 11
617 3272 745 3321 1881
780 3272 847 3322 ut
882 3269 1164 3323 inuidiam
1199 3287 1255 3323 ω
1305 3286 1440 3324 corr.
1486 3269 1690 3324 Gruter
1742 3273 1762 3338 ΙΙ
1813 3275 1950 3323 1882
1988 3270 2205 3324 aduoca
2241 3272 2309 3325 ut

264 3338 327 3390 in
373 3344 416 3390 B
450 3341 458 3407 Ι
489 3339 782 3407 planctum
827 3345 874 3392 A
927 3344 946 3409 ΙΙ
999 3345 1340 3393 1883-1838
1391 3341 1611 3394 dimetri
1647 3357 1722 3407 ω,
1770 3342 1887 3394 nisi
1930 3342 2075 3410 quod
2121 3357 2307 3397 mono-

263 3411 426 3462 metri
470 3426 515 3464 v.
547 3414 672 3462 1815
711 3410 1101 3481 (Semelenque
1130 3413 1207 3480 p.)
1245 3428 1317 3476 ω,
1348 3416 1483 3463 1882
1513 3409 1702 3479 (Creta
1728 3413 1791 3481 t.)
1827 3417 1889 3477 B,
1925 3416 2061 3464 1828
2089 3414 2143 3482 (o
2166 3431 2219 3467 n.
2242 3414 2305 3481 t.)

264 3483 328 3543 A,
367 3484 494 3531 1831
532 3481 701 3550 (umb.
733 3484 796 3551 t.)
833 3488 876 3534 B
908 3489 1195 3550 praeterea
1231 3483 1298 3549 cf.
1340 3484 1415 3536 ad
1451 3485 1872 3536 v.1917.1928
1926 3485 1945 3551 ΙΙ
1998 3488 2130 3535 1883
2181 3502 2304 3539 0110.

255 3552 442 3618 praef.
473 3556 517 3602 Ε
556 3553 648 3618 (cf.
690 3553 805 3607 Leo
846 3554 998 3607 Mus.
1038 3554 1211 3608 Rhen.
1253 3556 1420 3619 1897,
1452 3570 1507 3620 Ρ.
1539 3557 1674 3620 518)
1709 3556 1716 3622 Ι
1751 3553 1879 3607 flete
1915 3553 2223 3610 Alcmenen
2262 3559 2306 3606 A

264 3621 397 3675 fiete
417 3621 721 3676 Alcmenae
748 3629 791 3675 Ε
821 3640 957 3678 eor-r.
980 3624 1094 3677 Leo
1123 3623 1301 3693 (Flete
1328 3623 1584 3690 Alciden,
1613 3623 1743 3678 flete
1762 3624 2065 3679 Alcmenae
2086 3625 2306 3695 Peiper)
