2658 4117
382 257 507 320 182
1020 259 1078 310 L.
1111 258 1394 310 ANNAEI
1432 257 1757 311 SENECAE

377 403 531 486 quid
577 407 641 467 te
689 404 828 485 ipsa
872 405 1156 467 lacerans
1205 405 1494 467 omnium
1541 404 1879 486 adspectus
1926 404 2142 489 fugis?

374 515 554 556 mens
602 493 968 576 inpudicam
1015 494 1250 575 facere,
1296 515 1429 556 non
1476 515 1659 557 casus
1707 494 1885 557 solet.
2298 511 2397 558 735

1218 669 1563 734 GHORVS

827 777 1023 863 Fugit
1070 779 1328 842 insanae
1378 778 1607 841 similis
1654 779 1997 861 procellae,

694 867 871 930 ocior
914 867 1117 930 nubes
1164 869 1560 953 glomerante
1609 864 1774 930 Coro
1786 917 1804 949 ,

693 957 870 1019 ocior
916 977 1172 1020 cursum
1216 957 1506 1038 rapiente
1553 956 1838 1038 flamma,

694 1046 879 1108 stella
925 1067 1070 1108 cum
1117 1046 1328 1108 ventis
1377 1045 1620 1130 agitata
1663 1046 1896 1129 longos

824 1135 1098 1219 porrigit
1144 1134 1343 1219 ignes,
2298 1151 2398 1198 740

693 1219 997 1286 Conferat
1041 1227 1256 1287 tecum
1303 1223 1497 1287 decus
1546 1244 1733 1286 omne
1780 1223 2065 1304 priscum

626 1359 645 1397 ,
691 1313 864 1375 fama
908 1312 1200 1375 miratrix
1246 1312 1515 1375 senioris
1562 1312 1727 1375 aevi:

690 1400 1022 1483 pulchrior
1066 1404 1246 1464 tanto
1292 1405 1406 1464 tua
1449 1402 1657 1464 forma
1701 1402 1901 1482 lucet,

691 1490 924 1553 clarior
968 1493 1209 1571 quanto
1256 1491 1453 1553 micat
1500 1491 1652 1554 orbe
1698 1491 1890 1572 pleno

696 1601 842 1643 cum
891 1601 1041 1642 suos
1088 1579 1270 1663 ignes
1318 1583 1588 1643 coeunte
1636 1600 1835 1643 cornu
2299 1595 2398 1642 745

695 1668 905 1730 iunxit
951 1672 1015 1731 et
1061 1689 1249 1731 curru
1294 1672 1680 1750 properante
1726 1689 1972 1750 pernox

692 1758 895 1820 exerit
939 1758 1156 1820 vultus
1202 1757 1559 1820 rubicunda
1603 1756 1863 1820 Phoebe

692 1868 810 1910 nec
856 1849 1078 1909 tenent
1124 1847 1346 1909 stellae
1393 1847 1622 1909 faciem
1670 1847 1975 1929 minores3

691 1936 840 1998 talis
888 1939 1008 2017 est,
1054 1936 1295 2018 primas
1342 1936 1622 1998 referens
1667 1935 1990 2015 tenebras,

691 2024 956 2088 nuntius
1003 2024 1212 2088 noctis
1222 2074 1240 2106 ,
1285 2024 1478 2088 modo
1525 2025 1697 2088 lotus
1744 2024 1932 2088 undis
2299 2040 2399 2088 750

692 2112 1044 2196 Hesperus,
1092 2114 1294 2195 pulsis
1343 2115 1574 2177 iterum
1621 2115 1901 2178 tenebris

825 2201 1084 2266 Lucifer
1130 2202 1315 2265 idem.

697 2324 786 2388 Et
832 2329 931 2408 tu,
977 2325 1337 2410 thyrsigera
1381 2325 1576 2390 Liber
1620 2327 1699 2389 ab
1746 2324 1954 2409 India,

693 2415 948 2477 intonsa
994 2415 1241 2477 iuvenis
1287 2419 1669 2497 perpetuum
1716 2437 1927 2498 coma,

690 2503 889 2588 tigres
935 2505 1277 2586 pampinea
1322 2505 1584 2586 cuspide
1629 2506 1930 2569 territans
2296 2523 2397 2570 755

692 2612 767 2655 ac
812 2592 1003 2655 mitra
1050 2593 1356 2656 cohibens
1406 2594 1811 2679 cornigerum
1860 2599 2079 2678 caput,

691 2702 824 2744 non
867 2682 1085 2746 vinces
1132 2682 1372 2766 rigidas
1419 2681 1764 2766 Hippolyti
1812 2705 2044 2748 comas.

692 2793 772 2834 ne
820 2771 1036 2834 vultus
1082 2772 1356 2835 nimium
1405 2773 1716 2854 suspicias
1763 2775 1940 2836 tuos:

694 2860 901 2922 omnis
948 2882 1063 2942 per
1107 2862 1383 2943 populos
1429 2861 1651 2924 fabula
1696 2862 1973 2942 distulit,

692 2947 1015 3012 Phaedrae
1053 2972 1242 3032 quem
1280 2949 1544 3014 Bromio
1583 2950 1956 3035 praetulerit
1993 2973 2187 3015 soror.
2297 2967 2400 3016 760

797 3089 1053 3173 Anceps
1099 3091 1307 3156 forma
1353 3092 1596 3156 bonum
1644 3093 2024 3156 mortalibus
2035 3143 2053 3174 ,

799 3181 1019 3265 exigui
1063 3181 1303 3244 donum
1351 3182 1541 3245 breve
1587 3183 1923 3265 temporiS,

797 3273 871 3332 ut
916 3270 1105 3332 velox
1152 3270 1344 3333 celeri
1390 3269 1549 3353 pede
1595 3270 1856 3334 laberis!

516 3413 621 3460 734
660 3409 783 3476 quit
820 3416 862 3461 E
913 3411 921 3478 Ι
972 3409 1185 3463 laceras
1222 3416 1264 3461 E
1316 3412 1324 3480 Ι
1376 3414 1666 3479 aspectum
1703 3418 1747 3463 A
1810 3416 1828 3480 Η
1892 3418 1996 3464 740
2034 3412 2264 3481 corripit
2300 3418 2345 3463 A
2382 3415 2399 3480 n

374 3483 476 3531 747
518 3483 705 3532 exeret
740 3487 782 3532 E
848 3483 867 3549 ΙΙ
922 3488 1049 3549 post
1085 3486 1188 3533 748
1227 3482 1493 3549 quaedam
1539 3484 1875 3538 intercidisse
1918 3487 2113 3538 statuit
2149 3485 2347 3552 Peiper
2381 3487 2399 3552 ΙΙ

376 3553 481 3600 749
519 3549 702 3616 qualis
731 3568 786 3604 ω
825 3568 960 3605 corr.
993 3553 1106 3607 Leo
1133 3555 1150 3621 ΙΙ
1179 3558 1463 3606 753-760
1492 3560 1611 3621 post
1640 3560 1741 3606 808
1779 3557 2059 3610 collocavit
2090 3556 2352 3611 Swoboda
2380 3558 2398 3624 ΙΙ

375 3624 477 3671 755
517 3621 799 3687 panpinea
836 3628 878 3673 E
907 3624 925 3690 ΙΙ
952 3628 1055 3674 758
1093 3639 1195 3676 nec
1233 3629 1278 3674 A
1306 3627 1323 3693 ΙΙ
1352 3630 1457 3677 759
1497 3642 1684 3679 omnes
1723 3632 1768 3677 A
