2658 4117
381 247 507 313 138
1024 248 1082 301 L.
1113 247 1396 301 ANNAEI
1432 247 1758 302 SENECAE

376 393 537 458 bene
583 396 708 476 est,
752 396 1022 475 tenetur,
1067 394 1318 457 vulneri
1364 395 1576 476 patuit
1618 395 1817 459 locus.
1856 432 1945 440 —
2068 380 2073 389 .

376 505 674 567 suprema
720 486 887 549 certe
931 482 1123 546 liceat
1169 482 1510 546 abeuntem
1555 485 1738 567 loqui
2042 496 2045 497 ’

375 570 701 654 mandata,
746 572 938 635 liceat
982 572 1284 635 ultimum
1332 573 1697 655 amplexum
1743 574 1918 637 dare:

375 665 631 747 gratum
677 664 776 725 est
820 664 885 724 et
928 660 1105 724 illud.
1197 682 1353 725 voce
1399 662 1528 725 iam
1575 666 1857 726 extrema
1902 665 2080 746 pete,

376 773 484 831 ne,
530 751 586 813 si
634 772 759 833 qua
804 754 1023 814 noster
1069 748 1303 813 dubius
1351 750 1577 814 effudit
1623 749 1824 833 dolor,

377 844 677 903 maneant
722 839 791 903 in
836 839 1049 902 animo
1096 839 1315 902 verba:
1364 840 1646 904 melioris
1693 840 1814 904 tibi

377 929 687 995 memoria
732 929 937 991 nostri
983 928 1224 1011 sedeat3
1269 927 1429 993 haec
1474 929 1605 993 irae
1653 929 1800 993 data

379 1017 845 1081 oblitterentur.
935 1033 1061 1080 IAS.
1110 1014 1371 1081 Omnia
1388 1040 1466 1081 ex
1513 1018 1727 1082 animo
1774 1018 1993 1102 expuli

377 1127 728 1191 precorque
775 1110 839 1170 et
884 1106 1048 1189 ipse,
1092 1105 1405 1169 fervidam
1452 1110 1526 1170 ut
1570 1111 1846 1172 mentem
1897 1129 2081 1217 regas

377 1195 753 1279 placideque
798 1200 1057 1259 tractes:
1104 1195 1391 1259 miserias
1436 1196 1598 1259 lenit
1645 1196 1841 1279 quies.

513 1390 681 1436 MED.
728 1371 1055 1436 Discessit.
1138 1372 1310 1436 itane
1358 1372 1498 1436 est?
1545 1373 1722 1437 vadis
1770 1374 2009 1437 oblitus
2056 1374 2178 1438 mei

380 1465 445 1526 et
489 1466 589 1526 tot
634 1484 922 1526 meorum
966 1461 1371 1525 facinorum?
1417 1462 1769 1526 excidimus
1815 1463 1980 1526 tibi?

379 1574 731 1636 numquam
778 1552 1157 1616 excidemus,
1247 1549 1374 1614 hoc
1419 1574 1569 1637 age,
1616 1552 1824 1615 omnis
1871 1551 2112 1616 advoca

380 1641 546 1705 vires
594 1645 658 1704 et
703 1644 886 1704 artes.
977 1640 1224 1704 fructus
1272 1644 1370 1704 est
1416 1641 1727 1704 scelerum
1773 1640 1896 1704 tibi

380 1731 631 1794 nullum
679 1730 885 1794 scelus
931 1732 1174 1813 putare.
1265 1730 1377 1793 vix
1420 1729 1631 1793 fraudi
1678 1733 1775 1794 est
1818 1730 2025 1793 locus:

380 1820 698 1883 timemur.
790 1818 911 1882 hac
957 1818 1329 1905 aggredere,
1378 1841 1503 1902 qua
1545 1840 1734 1882 nemo
1782 1821 1997 1902 potest

384 1909 726 1992 quicquam
775 1908 1017 1972 timere.
1107 1929 1333 1992 perge,
1377 1922 1549 1972 nunc
1595 1908 1782 1991 aude,
1830 1907 2040 1991 incipe

384 1996 691 2081 quicquid
736 2001 952 2080 potest
995 1995 1247 2080 Medea,
1294 1996 1602 2081 quicquid
1647 2019 1780 2062 non
1824 2000 2053 2099 potest.

516 2086 641 2170 Tu,
684 2086 813 2149 fida
858 2087 1104 2168 nutrix,
1151 2086 1325 2151 socia
1372 2087 1678 2151 maeroris
1724 2088 1850 2151 mei

382 2175 669 2258 variique
715 2196 925 2256 casus,
970 2176 1203 2238 misera
1250 2176 1519 2239 consilia
1565 2175 1809 2239 adiuva.

382 2267 480 2328 est
525 2265 698 2347 palla
741 2263 957 2347 nobis,
1003 2286 1236 2327 munus
1283 2264 1665 2346 aetherium,
1711 2264 1937 2328 domus

384 2353 702 2436 decusque
746 2352 930 2437 regni
940 2402 958 2434 ,
1002 2353 1238 2437 pignus
1285 2350 1522 2416 Aeetae
1571 2352 1790 2416 datum

384 2464 422 2505 a
467 2439 617 2506 Sole
664 2441 939 2526 generis,
987 2445 1084 2505 est
1129 2445 1194 2505 et
1239 2462 1394 2504 auro
1442 2442 1653 2505 textili

384 2532 622 2595 monile
665 2531 921 2616 fulgens
970 2531 1267 2614 quodque
1314 2551 1711 2615 gemmarum
1756 2531 1930 2594 nitor

385 2620 727 2706 distinguit
771 2641 1026 2702 aurum,
1071 2641 1199 2701 quo
1246 2620 1458 2683 solent
1504 2620 1678 2704 cingi
1723 2640 1961 2684 comae.

384 2709 541 2774 haec
586 2713 805 2773 nostra
848 2709 986 2773 nati
1032 2708 1200 2772 dona
1244 2708 1516 2772 nubenti
1559 2709 1795 2790 ferant,

385 2798 496 2863 sed
542 2802 691 2863 ante
737 2797 891 2862 diris
937 2797 1126 2862 inlita
1172 2819 1246 2862 ac
1290 2798 1494 2861 tincta
1539 2797 1799 2861 artibus.

383 2891 647 2953 vocetur
691 2886 949 2952 Hecate.
1041 2909 1221 2952 sacra
1265 2886 1503 2950 letifica
1547 2909 1812 2970 appara:

386 2981 749 3041 statuantur
795 2999 966 3059 arae,
1011 2976 1272 3040 flamma
1316 2976 1446 3039 iam
1491 2976 1679 3042 tectis
1726 2980 1928 3040 sonet.

2278 402 2400 461 ‘550

2296 857 2401 905 555

2298 1390 2402 1439 560

2300 1834 2404 1883 565

2302 2280 2407 2329 570

2303 2713 2406 2772 575

529 3174 633 3222 554
668 3185 739 3222 ne
777 3185 890 3237 qua
928 3169 975 3223 si
1006 3174 1086 3221 At
1137 3171 1157 3239 11
1208 3174 1310 3222 555
1349 3168 1549 3223 melior
1584 3168 1704 3239 (sed
1740 3187 1812 3222 m.
1852 3170 1928 3237 ψ)
1965 3174 2011 3221 A
2064 3171 2084 3238 u
2139 3173 2242 3222 556
2281 3168 2411 3222 sub-

386 3244 481 3295 eat
517 3246 563 3293 A
615 3243 635 3310 ΙΙ
691 3245 793 3293 558
831 3241 958 3309 ipsa
993 3252 1050 3307 ψ
1104 3242 1122 3310 ΙΙ
1178 3246 1282 3293 562
1320 3240 1543 3310 excides
1580 3247 1623 3293 E
1655 3241 1664 3310 Ι
1697 3257 1887 3294 01111166
1924 3245 1970 3292 A
2023 3243 2043 3310 ss
2098 3246 2201 3293 566
2238 3255 2411 3309 perge

385 3329 559 3378 nunc,
616 3311 762 3365 aude
817 3313 931 3367 Leo
992 3313 1011 3380 ΙΙ
1077 3317 1178 3364 567
1235 3314 1398 3380 potes
1436 3343 1503 3351 —
1541 3314 1700 3381 potes
1756 3317 1802 3364 A
1851 3314 1859 3380 1
1908 3311 2110 3365 Medea
2164 3328 2263 3366 om.
2312 3317 2355 3363 E
2393 3313 2412 3379 ΙΙ

388 3387 492 3436 570
531 3384 789 3436 aetheree
824 3388 870 3435 A
924 3386 943 3452 ΙΙ
999 3388 1095 3435 571
1133 3384 1258 3437 aete
1294 3389 1338 3435 E
1388 3385 1512 3437 oete
1548 3388 1594 3435 A
1629 3395 1840 3438 com-ca
1886 3386 1905 3452 ΙΙ
1951 3388 2055 3436 572
2093 3398 2141 3435 6.
2174 3381 2225 3434 S.
2257 3398 2409 3451 gem-

385 3454 493 3506 mis
529 3465 585 3519 ψ
648 3456 666 3521 ΙΙ
730 3458 832 3506 573
871 3454 1080 3521 quique
1116 3455 1181 3508 ci.
1226 3455 1472 3522 Gronov,
1512 3456 1743 3525 Bentley
1804 3458 1824 3525 ΙΙ
1888 3460 1988 3508 577
2026 3452 2274 3506 luctifica
2311 3457 2357 3504 A
2393 3455 2411 3521 ΙΙ

388 3527 491 3576 578
531 3526 818 3576 struantur
852 3529 898 3576 A
