<?xml version="1.0" encoding="UTF-8"?>
<!DOCTYPE html PUBLIC "-//W3C//DTD XHTML 1.0 Transitional//EN"
    "http://www.w3.org/TR/xhtml1/DTD/xhtml1-transitional.dtd">
<html xmlns="http://www.w3.org/1999/xhtml" xml:lang="en" lang="en">
 <head>
  <title>
</title>
<meta http-equiv="Content-Type" content="text/html;charset=utf-8" />
  <meta name='ocr-system' content='tesseract 3.04.00' />
  <meta name='ocr-capabilities' content='ocr_page ocr_carea ocr_par ocr_line ocrx_word'/>
</head>
<body>
  <div class='ocr_page' id='page_1' title='image "./senecaetragoedi00senegoog_0344.png"; bbox 0 0 2658 4117; ppageno 0'>
   <div class='ocr_carea' id='block_1_1' title="bbox 354 240 1743 310">
    <p class='ocr_par' dir='ltr' id='par_1_1' title="bbox 354 240 1743 310">
     <span class='ocr_line' id='line_1_1' title="bbox 354 240 1743 310; baseline -0.003 -13"><span class='ocrx_word' id='word_1_1' title='bbox 354 246 484 310; x_wconf 77' lang='lat'><strong>292</strong></span> <span class='ocrx_word' id='word_1_2' title='bbox 1004 243 1063 296; x_wconf 91' lang='lat' dir='ltr'><strong>L.</strong></span> <span class='ocrx_word' id='word_1_3' title='bbox 1096 241 1378 295; x_wconf 87' lang='lat' dir='ltr'>ANNAEI</span> <span class='ocrx_word' id='word_1_4' title='bbox 1416 240 1743 295; x_wconf 86' lang='lat' dir='ltr'>SENECAE</span> 
     </span>
    </p>
   </div>
   <div class='ocr_carea' id='block_1_2' title="bbox 344 384 2392 1359">
    <p class='ocr_par' dir='ltr' id='par_1_2' title="bbox 353 384 2391 545">
     <span class='ocr_line' id='line_1_2' title="bbox 353 384 2391 476; baseline -0.001 -20"><span class='ocrx_word' id='word_1_5' title='bbox 353 412 575 476; x_wconf 84' lang='lat' dir='ltr'><strong>parces</strong></span> <span class='ocrx_word' id='word_1_6' title='bbox 624 394 690 454; x_wconf 75' lang='lat' dir='ltr'><strong>et</strong></span> <span class='ocrx_word' id='word_1_7' title='bbox 734 388 882 466; x_wconf 80' lang='lat' dir='ltr'><strong>illis.</strong></span> <span class='ocrx_word' id='word_1_8' title='bbox 974 387 1205 452; x_wconf 90' lang='lat' dir='ltr'><strong>consili</strong></span> <span class='ocrx_word' id='word_1_9' title='bbox 1239 384 1691 472; x_wconf 81' lang='lat' dir='ltr'><strong>Agamemnon</strong></span> <span class='ocrx_word' id='word_1_10' title='bbox 1736 387 1863 451; x_wconf 88' lang='lat' dir='ltr'><strong>mei</strong></span> <span class='ocrx_word' id='word_1_11' title='bbox 2284 404 2391 453; x_wconf 80' lang='lat'><strong>325</strong></span> 
     </span>
     <span class='ocr_line' id='line_1_3' title="bbox 353 476 1652 545; baseline -0.005 0"><span class='ocrx_word' id='word_1_12' title='bbox 353 481 563 545; x_wconf 86' lang='lat' dir='ltr'><strong>sciens</strong></span> <span class='ocrx_word' id='word_1_13' title='bbox 609 478 902 542; x_wconf 75' lang='lat' dir='ltr'><strong>minister</strong></span> <span class='ocrx_word' id='word_1_14' title='bbox 946 476 1062 539; x_wconf 77' lang='lat' dir='ltr'><strong>fiat</strong></span> <span class='ocrx_word' id='word_1_15' title='bbox 1107 480 1172 540; x_wconf 72' lang='lat' dir='ltr'><strong>et</strong></span> <span class='ocrx_word' id='word_1_16' title='bbox 1215 476 1399 542; x_wconf 78' lang='lat' dir='ltr'><strong>fratri</strong></span> <span class='ocrx_word' id='word_1_17' title='bbox 1447 476 1652 539; x_wconf 86' lang='lat' dir='ltr'><strong>sciens</strong></span> 
     </span>
    </p>

    <p class='ocr_par' dir='ltr' id='par_1_3' title="bbox 354 564 1740 648">
     <span class='ocr_line' id='line_1_4' title="bbox 354 564 1740 648; baseline -0.004 -15"><span class='ocrx_word' id='word_1_18' title='bbox 354 568 685 633; x_wconf 80' lang='lat' dir='ltr'><strong>Menelaus</strong></span> <span class='ocrx_word' id='word_1_19' title='bbox 733 566 916 632; x_wconf 73' lang='lat' dir='ltr'><strong>adsit.</strong></span> <span class='ocrx_word' id='word_1_20' title='bbox 1008 565 1209 648; x_wconf 86' lang='lat' dir='ltr'><strong>prolis</strong></span> <span class='ocrx_word' id='word_1_21' title='bbox 1255 566 1535 628; x_wconf 74' lang='lat' dir='ltr'><strong>incertae</strong></span> <span class='ocrx_word' id='word_1_22' title='bbox 1581 564 1740 628; x_wconf 90' lang='lat' dir='ltr'><strong>fides</strong></span> 
     </span>
    </p>

    <p class='ocr_par' dir='ltr' id='par_1_4' title="bbox 356 653 1874 740">
     <span class='ocr_line' id='line_1_5' title="bbox 356 653 1874 740; baseline -0.003 -19"><span class='ocrx_word' id='word_1_23' title='bbox 356 679 436 721; x_wconf 84' lang='lat' dir='ltr'><strong>ex</strong></span> <span class='ocrx_word' id='word_1_24' title='bbox 480 656 606 721; x_wconf 90' lang='lat' dir='ltr'><strong>hoc</strong></span> <span class='ocrx_word' id='word_1_25' title='bbox 651 659 908 740; x_wconf 76' lang='lat' dir='ltr'><strong>petatur</strong></span> <span class='ocrx_word' id='word_1_26' title='bbox 954 653 1214 718; x_wconf 88' lang='lat' dir='ltr'><strong>scelere:</strong></span> <span class='ocrx_word' id='word_1_27' title='bbox 1263 654 1317 717; x_wconf 90' lang='lat' dir='ltr'><strong>si</strong></span> <span class='ocrx_word' id='word_1_28' title='bbox 1364 653 1536 717; x_wconf 89' lang='lat' dir='ltr'><strong>bella</strong></span> <span class='ocrx_word' id='word_1_29' title='bbox 1581 654 1874 717; x_wconf 65' lang='lat' dir='ltr'><strong>abnuunt¹</strong></span> 
     </span>
    </p>

    <p class='ocr_par' dir='ltr' id='par_1_5' title="bbox 356 742 1936 830">
     <span class='ocr_line' id='line_1_6' title="bbox 356 742 1936 830; baseline -0.003 -20"><span class='ocrx_word' id='word_1_30' title='bbox 356 749 421 810; x_wconf 70' lang='lat' dir='ltr'><strong>et</strong></span> <span class='ocrx_word' id='word_1_31' title='bbox 466 766 684 830; x_wconf 86' lang='lat' dir='ltr'><strong>gerere</strong></span> <span class='ocrx_word' id='word_1_32' title='bbox 729 745 962 808; x_wconf 75' lang='lat' dir='ltr'><strong>nolunt</strong></span> <span class='ocrx_word' id='word_1_33' title='bbox 1008 742 1179 826; x_wconf 84' lang='lat' dir='ltr'><strong>odia,</strong></span> <span class='ocrx_word' id='word_1_34' title='bbox 1227 742 1282 806; x_wconf 90' lang='lat' dir='ltr'><strong>si</strong></span> <span class='ocrx_word' id='word_1_35' title='bbox 1327 745 1630 825; x_wconf 73' lang='lat' dir='ltr'><strong>patruum</strong></span> <span class='ocrx_word' id='word_1_36' title='bbox 1676 745 1936 824; x_wconf 73' lang='lat' dir='ltr'><strong>vocant,</strong></span> 
     </span>
    </p>

    <p class='ocr_par' dir='ltr' id='par_1_6' title="bbox 354 830 2392 1008">
     <span class='ocr_line' id='line_1_7' title="bbox 354 830 2392 918; baseline -0.001 -20"><span class='ocrx_word' id='word_1_37' title='bbox 354 838 541 918; x_wconf 75' lang='lat' dir='ltr'><strong>pater</strong></span> <span class='ocrx_word' id='word_1_38' title='bbox 585 837 698 897; x_wconf 75' lang='lat' dir='ltr'><strong>est.</strong></span> <span class='ocrx_word' id='word_1_39' title='bbox 781 836 978 898; x_wconf 75' lang='lat' dir='ltr'><strong>eatur.</strong></span> <span class='ocrx_word' id='word_1_40' title='bbox 1020 869 1101 877; x_wconf 93' lang='lat'><strong>—</strong></span> <span class='ocrx_word' id='word_1_41' title='bbox 1141 832 1349 895; x_wconf 76' lang='lat' dir='ltr'><strong>multa</strong></span> <span class='ocrx_word' id='word_1_42' title='bbox 1394 831 1506 895; x_wconf 87' lang='lat' dir='ltr'><strong>sed</strong></span> <span class='ocrx_word' id='word_1_43' title='bbox 1551 830 1839 915; x_wconf 78' lang='lat' dir='ltr'><strong>trepidus</strong></span> <span class='ocrx_word' id='word_1_44' title='bbox 1885 832 2051 895; x_wconf 75' lang='lat' dir='ltr'><strong>solet</strong></span> <span class='ocrx_word' id='word_1_45' title='bbox 2284 847 2392 897; x_wconf 84' lang='lat'><strong>330</strong></span> 
     </span>
     <span class='ocr_line' id='line_1_8' title="bbox 358 920 1900 1008; baseline -0.003 -21"><span class='ocrx_word' id='word_1_46' title='bbox 358 923 653 1008; x_wconf 72' lang='lat' dir='ltr'><strong>detegere</strong></span> <span class='ocrx_word' id='word_1_47' title='bbox 698 922 943 1004; x_wconf 76' lang='lat' dir='ltr'><strong>vultus,</strong></span> <span class='ocrx_word' id='word_1_48' title='bbox 989 942 1224 1006; x_wconf 85' lang='lat' dir='ltr'><strong>magna</strong></span> <span class='ocrx_word' id='word_1_49' title='bbox 1268 920 1596 984; x_wconf 74' lang='lat' dir='ltr'><strong>nolentem</strong></span> <span class='ocrx_word' id='word_1_50' title='bbox 1644 941 1900 1003; x_wconf 90' lang='lat' dir='ltr'><strong>quoque</strong></span> 
     </span>
    </p>

    <p class='ocr_par' dir='ltr' id='par_1_7' title="bbox 358 1009 1779 1093">
     <span class='ocr_line' id='line_1_9' title="bbox 358 1009 1779 1093; baseline -0.003 -17"><span class='ocrx_word' id='word_1_51' title='bbox 358 1010 628 1076; x_wconf 87' lang='lat' dir='ltr'><strong>consilia</strong></span> <span class='ocrx_word' id='word_1_52' title='bbox 672 1010 979 1093; x_wconf 69' lang='lat' dir='ltr'><strong>produnt:</strong></span> <span class='ocrx_word' id='word_1_53' title='bbox 1026 1010 1316 1074; x_wconf 73' lang='lat' dir='ltr'><strong>nesciant</strong></span> <span class='ocrx_word' id='word_1_54' title='bbox 1364 1013 1639 1091; x_wconf 73' lang='lat' dir='ltr'><strong>quantae</strong></span> <span class='ocrx_word' id='word_1_55' title='bbox 1683 1009 1779 1072; x_wconf 90' lang='lat' dir='ltr'><strong>rei</strong></span> 
     </span>
    </p>

    <p class='ocr_par' dir='ltr' id='par_1_8' title="bbox 344 1098 1880 1182">
     <span class='ocr_line' id='line_1_10' title="bbox 344 1098 1880 1182; baseline -0.002 -18"><span class='ocrx_word' id='word_1_56' title='bbox 344 1101 518 1164; x_wconf 49' lang='lat' dir='ltr'><strong>*fiant</strong></span> <span class='ocrx_word' id='word_1_57' title='bbox 562 1099 858 1163; x_wconf 72' lang='lat' dir='ltr'><strong>ministri.</strong></span> <span class='ocrx_word' id='word_1_58' title='bbox 950 1102 1172 1162; x_wconf 75' lang='lat' dir='ltr'><strong>nostra</strong></span> <span class='ocrx_word' id='word_1_59' title='bbox 1216 1101 1288 1162; x_wconf 72' lang='lat' dir='ltr'><strong>tu</strong></span> <span class='ocrx_word' id='word_1_60' title='bbox 1337 1102 1564 1182; x_wconf 77' lang='lat' dir='ltr'><strong>coepta</strong></span> <span class='ocrx_word' id='word_1_61' title='bbox 1610 1098 1880 1162; x_wconf 77' lang='lat' dir='ltr'><strong>occules.</strong></span> 
     </span>
    </p>

    <p class='ocr_par' dir='ltr' id='par_1_9' title="bbox 356 1187 2390 1359">
     <span class='ocr_line' id='line_1_11' title="bbox 361 1187 2229 1270; baseline -0.001 -18"><span class='ocrx_word' id='word_1_62' title='bbox 361 1206 509 1253; x_wconf 81' lang='lat' dir='ltr'><strong>SAT.</strong></span> <span class='ocrx_word' id='word_1_63' title='bbox 556 1187 750 1252; x_wconf 85' lang='lat' dir='ltr'><strong>Hand</strong></span> <span class='ocrx_word' id='word_1_64' title='bbox 796 1208 939 1251; x_wconf 90' lang='lat' dir='ltr'><strong>sum</strong></span> <span class='ocrx_word' id='word_1_65' title='bbox 984 1187 1368 1250; x_wconf 89' lang='lat' dir='ltr'><strong>monendus:</strong></span> <span class='ocrx_word' id='word_1_66' title='bbox 1416 1187 1541 1250; x_wconf 79' lang='lat' dir='ltr'><strong>ista</strong></span> <span class='ocrx_word' id='word_1_67' title='bbox 1586 1190 1807 1251; x_wconf 76' lang='lat' dir='ltr'><strong>nostro</strong></span> <span class='ocrx_word' id='word_1_68' title='bbox 1857 1187 1925 1250; x_wconf 89' lang='lat' dir='ltr'><strong>in</strong></span> <span class='ocrx_word' id='word_1_69' title='bbox 1970 1190 2229 1270; x_wconf 74' lang='lat' dir='ltr'><strong>pectore</strong></span> 
     </span>
     <span class='ocr_line' id='line_1_12' title="bbox 356 1274 2390 1359; baseline -0.001 -18"><span class='ocrx_word' id='word_1_70' title='bbox 356 1276 517 1341; x_wconf 87' lang='lat' dir='ltr'><strong>fides</strong></span> <span class='ocrx_word' id='word_1_71' title='bbox 562 1276 911 1359; x_wconf 73' lang='lat' dir='ltr'><strong>timorque,</strong></span> <span class='ocrx_word' id='word_1_72' title='bbox 958 1275 1069 1350; x_wconf 82' lang='lat' dir='ltr'><strong>sed</strong></span> <span class='ocrx_word' id='word_1_73' title='bbox 1116 1275 1322 1359; x_wconf 88' lang='lat' dir='ltr'><strong>magis</strong></span> <span class='ocrx_word' id='word_1_74' title='bbox 1372 1274 1628 1339; x_wconf 65' lang='lat' dir='ltr'><strong>claudet¹</strong></span> <span class='ocrx_word' id='word_1_75' title='bbox 1671 1274 1849 1338; x_wconf 88' lang='lat' dir='ltr'><strong>fides.</strong></span> <span class='ocrx_word' id='word_1_76' title='bbox 2287 1290 2390 1356; x_wconf 76' lang='lat'><strong>335</strong></span> 
     </span>
    </p>
   </div>
   <div class='ocr_carea' id='block_1_3' title="bbox 587 1429 1550 1551">
    <p class='ocr_par' dir='ltr' id='par_1_10' title="bbox 587 1429 1550 1551">
     <span class='ocr_line' id='line_1_13' title="bbox 587 1429 1550 1551; baseline 0 -1"><span class='ocrx_word' id='word_1_77' title='bbox 587 1429 643 1472; x_wconf 47' lang='lat'><strong>⁹</strong></span> <span class='ocrx_word' id='word_1_78' title='bbox 1202 1483 1550 1551; x_wconf 85' lang='lat' dir='ltr'><strong>CHORVS</strong></span> 
     </span>
    </p>
   </div>
   <div class='ocr_carea' id='block_1_4' title="bbox 826 1609 2397 2759">
    <p class='ocr_par' dir='ltr' id='par_1_11' title="bbox 826 1609 2397 2759">
     <span class='ocr_line' id='line_1_14' title="bbox 966 1609 1818 1695; baseline 0 -21"><span class='ocrx_word' id='word_1_79' title='bbox 966 1610 1279 1695; x_wconf 86' lang='lat' dir='ltr'><strong>[Tandem</strong></span> <span class='ocrx_word' id='word_1_80' title='bbox 1323 1610 1506 1695; x_wconf 89' lang='lat' dir='ltr'><strong>regia</strong></span> <span class='ocrx_word' id='word_1_81' title='bbox 1548 1609 1818 1693; x_wconf 87' lang='lat' dir='ltr'><strong>nobilis,</strong></span> 
     </span>
     <span class='ocr_line' id='line_1_15' title="bbox 834 1696 1633 1786; baseline -0.003 -22"><span class='ocrx_word' id='word_1_82' title='bbox 834 1700 1085 1783; x_wconf 74' lang='lat' dir='ltr'><strong>antiqui</strong></span> <span class='ocrx_word' id='word_1_83' title='bbox 1132 1722 1334 1786; x_wconf 87' lang='lat' dir='ltr'><strong>genus</strong></span> <span class='ocrx_word' id='word_1_84' title='bbox 1380 1696 1633 1782; x_wconf 86' lang='lat' dir='ltr'><strong>Inachi,</strong></span> 
     </span>
     <span class='ocr_line' id='line_1_16' title="bbox 833 1787 1825 1872; baseline -0.001 -20"><span class='ocrx_word' id='word_1_85' title='bbox 833 1789 1105 1853; x_wconf 65' lang='lat' dir='ltr'><strong>fratrum</strong></span> <span class='ocrx_word' id='word_1_86' title='bbox 1161 1789 1526 1872; x_wconf 74' lang='lat' dir='ltr'><strong>composuit</strong></span> <span class='ocrx_word' id='word_1_87' title='bbox 1571 1787 1825 1871; x_wconf 70' lang='lat' dir='ltr'><strong>minas]</strong></span> 
     </span>
     <span class='ocr_line' id='line_1_17' title="bbox 971 1876 1862 1962; baseline -0.001 -21"><span class='ocrx_word' id='word_1_88' title='bbox 971 1876 1128 1953; x_wconf 81' lang='lat' dir='ltr'><strong>Quis</strong></span> <span class='ocrx_word' id='word_1_89' title='bbox 1174 1900 1289 1942; x_wconf 85' lang='lat' dir='ltr'><strong>vos</strong></span> <span class='ocrx_word' id='word_1_90' title='bbox 1336 1878 1623 1962; x_wconf 72' lang='lat' dir='ltr'><strong>exagitat</strong></span> <span class='ocrx_word' id='word_1_91' title='bbox 1665 1877 1862 1959; x_wconf 80' lang='lat' dir='ltr'><strong>furor,</strong></span> 
     </span>
     <span class='ocr_line' id='line_1_18' title="bbox 826 1966 2397 2051; baseline 0.001 -22"><span class='ocrx_word' id='word_1_92' title='bbox 826 1967 1099 2031; x_wconf 75' lang='lat' dir='ltr'><strong>alternis</strong></span> <span class='ocrx_word' id='word_1_93' title='bbox 1147 1967 1295 2030; x_wconf 86' lang='lat' dir='ltr'><strong>dare</strong></span> <span class='ocrx_word' id='word_1_94' title='bbox 1344 1966 1723 2051; x_wconf 87' lang='lat' dir='ltr'><strong>sanguinem</strong></span> <span class='ocrx_word' id='word_1_95' title='bbox 2293 1981 2397 2031; x_wconf 85' lang='lat'><strong>340</strong></span> 
     </span>
     <span class='ocr_line' id='line_1_19' title="bbox 837 2054 1908 2141; baseline 0 -23"><span class='ocrx_word' id='word_1_96' title='bbox 837 2060 902 2119; x_wconf 75' lang='lat' dir='ltr'><strong>et</strong></span> <span class='ocrx_word' id='word_1_97' title='bbox 947 2058 1270 2139; x_wconf 74' lang='lat' dir='ltr'><strong>sceptrum</strong></span> <span class='ocrx_word' id='word_1_98' title='bbox 1318 2056 1553 2120; x_wconf 87' lang='lat' dir='ltr'><strong>scelere</strong></span> <span class='ocrx_word' id='word_1_99' title='bbox 1602 2054 1908 2141; x_wconf 74' lang='lat' dir='ltr'><strong>aggredi?</strong></span> 
     </span>
     <span class='ocr_line' id='line_1_20' title="bbox 839 2144 1713 2228; baseline 0.002 -22"><span class='ocrx_word' id='word_1_100' title='bbox 839 2145 1128 2227; x_wconf 77' lang='lat' dir='ltr'><strong>nescitis,</strong></span> <span class='ocrx_word' id='word_1_101' title='bbox 1175 2144 1394 2228; x_wconf 89' lang='lat' dir='ltr'><strong>cupidi</strong></span> <span class='ocrx_word' id='word_1_102' title='bbox 1441 2145 1713 2226; x_wconf 85' lang='lat' dir='ltr'><strong>arcium,</strong></span> 
     </span>
     <span class='ocr_line' id='line_1_21' title="bbox 837 2232 1747 2317; baseline -0.001 -21"><span class='ocrx_word' id='word_1_103' title='bbox 837 2253 1109 2317; x_wconf 88' lang='lat' dir='ltr'><strong>regnum</strong></span> <span class='ocrx_word' id='word_1_104' title='bbox 1158 2254 1286 2315; x_wconf 90' lang='lat' dir='ltr'><strong>qno</strong></span> <span class='ocrx_word' id='word_1_105' title='bbox 1336 2233 1540 2297; x_wconf 73' lang='lat' dir='ltr'><strong>iaceat</strong></span> <span class='ocrx_word' id='word_1_106' title='bbox 1583 2232 1747 2298; x_wconf 80' lang='lat' dir='ltr'><strong>loco,</strong></span> 
     </span>
     <span class='ocr_line' id='line_1_22' title="bbox 837 2322 2378 2405; baseline 0.001 -21"><span class='ocrx_word' id='word_1_107' title='bbox 837 2342 1055 2405; x_wconf 88' lang='lat' dir='ltr'><strong>regem</strong></span> <span class='ocrx_word' id='word_1_108' title='bbox 1101 2342 1235 2385; x_wconf 90' lang='lat' dir='ltr'><strong>non</strong></span> <span class='ocrx_word' id='word_1_109' title='bbox 1277 2322 1526 2386; x_wconf 73' lang='lat' dir='ltr'><strong>faciunt</strong></span> <span class='ocrx_word' id='word_1_110' title='bbox 1572 2343 1753 2405; x_wconf 89' lang='lat' dir='ltr'><strong>opes,</strong></span> <span class='ocrx_word' id='word_1_111' title='bbox 2373 2366 2378 2370; x_wconf 91' lang='lat'><em>-</em></span> 
     </span>
     <span class='ocr_line' id='line_1_23' title="bbox 838 2409 2396 2493; baseline 0.001 -21"><span class='ocrx_word' id='word_1_112' title='bbox 838 2431 972 2472; x_wconf 91' lang='lat' dir='ltr'><strong>non</strong></span> <span class='ocrx_word' id='word_1_113' title='bbox 1015 2411 1213 2474; x_wconf 76' lang='lat' dir='ltr'><strong>vestis</strong></span> <span class='ocrx_word' id='word_1_114' title='bbox 1251 2409 1482 2493; x_wconf 82' lang='lat' dir='ltr'><strong>Tyriae</strong></span> <span class='ocrx_word' id='word_1_115' title='bbox 1529 2411 1725 2492; x_wconf 84' lang='lat' dir='ltr'><strong>color,</strong></span> <span class='ocrx_word' id='word_1_116' title='bbox 2294 2425 2396 2474; x_wconf 83' lang='lat'><strong>345</strong></span> 
     </span>
     <span class='ocr_line' id='line_1_24' title="bbox 837 2499 1736 2583; baseline 0.001 -22"><span class='ocrx_word' id='word_1_117' title='bbox 837 2519 971 2561; x_wconf 91' lang='lat' dir='ltr'><strong>non</strong></span> <span class='ocrx_word' id='word_1_118' title='bbox 993 2499 1248 2566; x_wconf 74' lang='lat' dir='ltr'><strong>,frontis</strong></span> <span class='ocrx_word' id='word_1_119' title='bbox 1292 2503 1450 2563; x_wconf 77' lang='lat' dir='ltr'><strong>nota</strong></span> <span class='ocrx_word' id='word_1_120' title='bbox 1494 2499 1736 2583; x_wconf 85' lang='lat' dir='ltr'><strong>regiae,</strong></span> 
     </span>
     <span class='ocr_line' id='line_1_25' title="bbox 837 2586 1746 2652; baseline 0.001 -3"><span class='ocrx_word' id='word_1_121' title='bbox 837 2608 971 2649; x_wconf 91' lang='lat' dir='ltr'><strong>non</strong></span> <span class='ocrx_word' id='word_1_122' title='bbox 1016 2609 1170 2651; x_wconf 87' lang='lat' dir='ltr'><strong>auro</strong></span> <span class='ocrx_word' id='word_1_123' title='bbox 1217 2586 1460 2651; x_wconf 68' lang='lat' dir='ltr'><strong>nitidae</strong></span> <span class='ocrx_word' id='word_1_124' title='bbox 1505 2587 1746 2652; x_wconf 74' lang='lat' dir='ltr'><strong>trabes:</strong></span> 
     </span>
     <span class='ocr_line' id='line_1_26' title="bbox 836 2676 1769 2759; baseline 0.001 -21"><span class='ocrx_word' id='word_1_125' title='bbox 836 2697 948 2738; x_wconf 83' lang='lat' dir='ltr'><strong>rex</strong></span> <span class='ocrx_word' id='word_1_126' title='bbox 995 2679 1092 2745; x_wconf 75' lang='lat' dir='ltr'><strong>est</strong></span> <span class='ocrx_word' id='word_1_127' title='bbox 1139 2676 1250 2758; x_wconf 85' lang='lat' dir='ltr'><strong>qui</strong></span> <span class='ocrx_word' id='word_1_128' title='bbox 1296 2676 1517 2759; x_wconf 76' lang='lat' dir='ltr'><strong>posuit</strong></span> <span class='ocrx_word' id='word_1_129' title='bbox 1561 2680 1769 2740; x_wconf 77' lang='lat' dir='ltr'><strong>metus</strong></span> 
     </span>
    </p>
   </div>
   <div class='ocr_carea' id='block_1_5' title="bbox 364 2883 2405 3656">
    <p class='ocr_par' dir='ltr' id='par_1_12' title="bbox 364 2883 2405 3656">
     <span class='ocr_line' id='line_1_27' title="bbox 511 2883 2398 2966; baseline 0.001 -30"><span class='ocrx_word' id='word_1_130' title='bbox 511 2889 614 2936; x_wconf 76' lang='lat'><strong>825</strong></span> <span class='ocrx_word' id='word_1_131' title='bbox 652 2883 741 2937; x_wconf 91' lang='lat' dir='ltr'><strong>illi</strong></span> <span class='ocrx_word' id='word_1_132' title='bbox 779 2888 824 2936; x_wconf 95' lang='lat' dir='ltr'>A</span> <span class='ocrx_word' id='word_1_133' title='bbox 873 2886 883 2955; x_wconf 86' lang='grc' dir='ltr'>Ι</span> <span class='ocrx_word' id='word_1_134' title='bbox 932 2885 1301 2954; x_wconf 87' lang='lat' dir='ltr'><strong>Agamennon</strong></span> <span class='ocrx_word' id='word_1_135' title='bbox 1338 2890 1382 2937; x_wconf 80' lang='lat' dir='ltr'>E</span> <span class='ocrx_word' id='word_1_136' title='bbox 1445 2887 1465 2954; x_wconf 76' lang='grc' dir='ltr'><strong>ιι</strong></span> <span class='ocrx_word' id='word_1_137' title='bbox 1527 2890 1633 2938; x_wconf 77' lang='grc'><strong>326</strong></span> <span class='ocrx_word' id='word_1_138' title='bbox 1670 2884 1912 2939; x_wconf 79' lang='lat' dir='ltr'><strong>insciens</strong></span> <span class='ocrx_word' id='word_1_139' title='bbox 1953 2903 2025 2938; x_wconf 90' lang='lat' dir='ltr'><strong>m.</strong></span> <span class='ocrx_word' id='word_1_140' title='bbox 2066 2891 2108 2937; x_wconf 84' lang='grc' dir='ltr'><strong>Ε</strong></span> <span class='ocrx_word' id='word_1_141' title='bbox 2160 2886 2167 2953; x_wconf 87' lang='grc' dir='ltr'>Ι</span> <span class='ocrx_word' id='word_1_142' title='bbox 2214 2885 2398 2966; x_wconf 76' lang='lat' dir='ltr'><strong>patris</strong></span> 
     </span>
     <span class='ocr_line' id='line_1_28' title="bbox 370 2954 2345 3026; baseline 0 -17"><span class='ocrx_word' id='word_1_143' title='bbox 370 2954 544 3010; x_wconf 86' lang='lat' dir='ltr'><strong>cliens</strong></span> <span class='ocrx_word' id='word_1_144' title='bbox 593 2959 638 3007; x_wconf 94' lang='lat' dir='ltr'>A</span> <span class='ocrx_word' id='word_1_145' title='bbox 692 2955 844 3024; x_wconf 80' lang='lat' dir='ltr'><strong>patri</strong></span> <span class='ocrx_word' id='word_1_146' title='bbox 891 2955 959 3010; x_wconf 87' lang='lat' dir='ltr'><strong>cl.</strong></span> <span class='ocrx_word' id='word_1_147' title='bbox 998 2962 1041 3008; x_wconf 80' lang='grc' dir='ltr'>Ε</span> <span class='ocrx_word' id='word_1_148' title='bbox 1092 2972 1227 3010; x_wconf 83' lang='lat' dir='ltr'><strong>corr.</strong></span> <span class='ocrx_word' id='word_1_149' title='bbox 1276 2956 1480 3023; x_wconf 79' lang='lat' dir='ltr'><strong>Peiper</strong></span> <span class='ocrx_word' id='word_1_150' title='bbox 1527 2957 2059 3026; x_wconf 65' lang='lat' dir='ltr'><strong>(Bentley)1327</strong></span> <span class='ocrx_word' id='word_1_151' title='bbox 2117 2954 2257 3009; x_wconf 75' lang='lat' dir='ltr'><strong>assit</strong></span> <span class='ocrx_word' id='word_1_152' title='bbox 2301 2962 2345 3009; x_wconf 78' lang='lat' dir='ltr'>E</span> 
     </span>
     <span class='ocr_line' id='line_1_29' title="bbox 369 2959 2354 3096; baseline 0 -17"><span class='ocrx_word' id='word_1_153' title='bbox 369 3032 474 3079; x_wconf 78' lang='lat'><strong>328</strong></span> <span class='ocrx_word' id='word_1_154' title='bbox 513 3025 611 3094; x_wconf 87' lang='lat' dir='ltr'><strong>qui</strong></span> <span class='ocrx_word' id='word_1_155' title='bbox 640 3025 793 3079; x_wconf 88' lang='lat' dir='ltr'><strong>bella</strong></span> <span class='ocrx_word' id='word_1_156' title='bbox 820 3031 863 3078; x_wconf 81' lang='lat' dir='ltr'>E</span> <span class='ocrx_word' id='word_1_157' title='bbox 891 3028 910 3095; x_wconf 84' lang='grc' dir='ltr'><strong>ΙΙ</strong></span> <span class='ocrx_word' id='word_1_158' title='bbox 940 3031 1045 3079; x_wconf 79' lang='lat'><strong>329</strong></span> <span class='ocrx_word' id='word_1_159' title='bbox 1072 3029 1298 3095; x_wconf 70' lang='lat' dir='ltr'><strong>patrum</strong></span> <span class='ocrx_word' id='word_1_160' title='bbox 1325 3031 1370 3078; x_wconf 79' lang='lat' dir='ltr'>E</span> <span class='ocrx_word' id='word_1_161' title='bbox 1398 3028 1417 3095; x_wconf 87' lang='grc' dir='ltr'><strong>ΙΙ</strong></span> <span class='ocrx_word' id='word_1_162' title='bbox 1445 3031 1549 3078; x_wconf 90' lang='grc'><strong>333</strong></span> <span class='ocrx_word' id='word_1_163' title='bbox 1588 3026 1780 3080; x_wconf 80' lang='lat' dir='ltr'><strong>occule</strong></span> <span class='ocrx_word' id='word_1_164' title='bbox 1808 3031 1853 3079; x_wconf 95' lang='lat' dir='ltr'>A</span> <span class='ocrx_word' id='word_1_165' title='bbox 1874 2959 1899 3096; x_wconf 63' lang='grc' dir='ltr'><strong>ΙΙΙΙ</strong></span> <span class='ocrx_word' id='word_1_166' title='bbox 1927 3031 2029 3080; x_wconf 79' lang='grc'><strong>335</strong></span> <span class='ocrx_word' id='word_1_167' title='bbox 2066 3025 2283 3079; x_wconf 74' lang='lat' dir='ltr'><strong>clandit</strong></span> <span class='ocrx_word' id='word_1_168' title='bbox 2309 3031 2354 3079; x_wconf 95' lang='lat' dir='ltr'>A</span> 
     </span>
     <span class='ocr_line' id='line_1_30' title="bbox 370 3097 2400 3166; baseline 0 -16"><span class='ocrx_word' id='word_1_169' title='bbox 370 3102 652 3150; x_wconf 77' lang='grc'><strong>336-357</strong></span> <span class='ocrx_word' id='word_1_170' title='bbox 709 3113 896 3152; x_wconf 78' lang='lat' dir='ltr'><strong>versus</strong></span> <span class='ocrx_word' id='word_1_171' title='bbox 950 3098 1204 3152; x_wconf 76' lang='lat' dir='ltr'><strong>binorum</strong></span> <span class='ocrx_word' id='word_1_172' title='bbox 1257 3097 1524 3163; x_wconf 81' lang='lat' dir='ltr'><strong>colorum,</strong></span> <span class='ocrx_word' id='word_1_173' title='bbox 1592 3097 1866 3152; x_wconf 72' lang='lat' dir='ltr'><strong>distinctis</strong></span> <span class='ocrx_word' id='word_1_174' title='bbox 1918 3098 2259 3166; x_wconf 72' lang='lat' dir='ltr'><strong>sinqulorum</strong></span> <span class='ocrx_word' id='word_1_175' title='bbox 2313 3099 2400 3151; x_wconf 75' lang='lat' dir='ltr'><strong>in·</strong></span> 
     </span>
     <span class='ocr_line' id='line_1_31' title="bbox 370 3168 2400 3236; baseline 0 -14"><span class='ocrx_word' id='word_1_176' title='bbox 370 3169 490 3223; x_wconf 75' lang='lat' dir='ltr'><strong>itiis</strong></span> <span class='ocrx_word' id='word_1_177' title='bbox 525 3173 568 3220; x_wconf 79' lang='lat' dir='ltr'>E</span> <span class='ocrx_word' id='word_1_178' title='bbox 614 3169 632 3236; x_wconf 83' lang='grc' dir='ltr'><strong>ΙΙ</strong></span> <span class='ocrx_word' id='word_1_179' title='bbox 680 3172 961 3220; x_wconf 80' lang='grc'><strong>336-338</strong></span> <span class='ocrx_word' id='word_1_180' title='bbox 1000 3169 1137 3222; x_wconf 78' lang='lat' dir='ltr'><strong>delet</strong></span> <span class='ocrx_word' id='word_1_181' title='bbox 1174 3168 1425 3234; x_wconf 82' lang='lat' dir='ltr'><strong>Richter,</strong></span> <span class='ocrx_word' id='word_1_182' title='bbox 1461 3173 1645 3222; x_wconf 80' lang='lat' dir='ltr'><strong>tuetwr</strong></span> <span class='ocrx_word' id='word_1_183' title='bbox 1680 3169 1795 3223; x_wconf 88' lang='lat' dir='ltr'><strong>Leo</strong></span> <span class='ocrx_word' id='word_1_184' title='bbox 1830 3168 1910 3222; x_wconf 93' lang='lat' dir='ltr'><strong>II</strong></span> <span class='ocrx_word' id='word_1_185' title='bbox 1929 3171 2055 3222; x_wconf 87' lang='grc'><strong>383.</strong></span> <span class='ocrx_word' id='word_1_186' title='bbox 2122 3168 2201 3222; x_wconf 87' lang='lat' dir='ltr'><strong>At</strong></span> <span class='ocrx_word' id='word_1_187' title='bbox 2236 3174 2288 3223; x_wconf 91' lang='lat' dir='ltr'><strong>et</strong></span> <span class='ocrx_word' id='word_1_188' title='bbox 2321 3184 2400 3222; x_wconf 82' lang='lat' dir='ltr'><strong>se-</strong></span> 
     </span>
     <span class='ocr_line' id='line_1_32' title="bbox 369 3239 2402 3377; baseline -0 -84"><span class='ocrx_word' id='word_1_189' title='bbox 369 3240 659 3308; x_wconf 74' lang='lat' dir='ltr'><strong>quentibus</strong></span> <span class='ocrx_word' id='word_1_190' title='bbox 684 3246 995 3309; x_wconf 62' lang='lat' dir='ltr'><strong>repugnant</strong></span> <span class='ocrx_word' id='word_1_191' title='bbox 1020 3246 1070 3294; x_wconf 89' lang='lat' dir='ltr'><strong>et</strong></span> <span class='ocrx_word' id='word_1_192' title='bbox 1089 3239 1412 3308; x_wconf 79' lang='lat' dir='ltr'><strong>posterioris</strong></span> <span class='ocrx_word' id='word_1_193' title='bbox 1438 3239 1641 3293; x_wconf 74' lang='lat' dir='ltr'><strong>cantici</strong></span> <span class='ocrx_word' id='word_1_194' title='bbox 1665 3239 1832 3294; x_wconf 79' lang='lat' dir='ltr'><strong>initio</strong></span> <span class='ocrx_word' id='word_1_195' title='bbox 1854 3242 1988 3306; x_wconf 80' lang='grc'><strong>(54.6</strong></span> <span class='ocrx_word' id='word_1_196' title='bbox 1996 3255 2106 3308; x_wconf 75' lang='lat' dir='ltr'><strong>sqq.</strong></span> <span class='ocrx_word' id='word_1_197' title='bbox 2129 3242 2241 3293; x_wconf 79' lang='lat'><strong>558</strong></span> <span class='ocrx_word' id='word_1_198' title='bbox 2250 3255 2326 3309; x_wconf 80' lang='lat' dir='ltr'><strong>sq</strong></span> <span class='ocrx_word' id='word_1_199' title='bbox 2315 3240 2402 3377; x_wconf 47' lang='grc'><strong>9111</strong></span> 
     </span>
     <span class='ocr_line' id='line_1_33' title="bbox 370 3310 2245 3378; baseline 0.001 -15"><span class='ocrx_word' id='word_1_200' title='bbox 370 3314 654 3363; x_wconf 77' lang='grc'><strong>342-352</strong></span> <span class='ocrx_word' id='word_1_201' title='bbox 691 3310 1005 3376; x_wconf 75' lang='lat' dir='ltr'><strong>afferuntur</strong></span> <span class='ocrx_word' id='word_1_202' title='bbox 1050 3329 1086 3364; x_wconf 90' lang='lat' dir='ltr'><strong>a</strong></span> <span class='ocrx_word' id='word_1_203' title='bbox 1122 3310 1421 3364; x_wconf 77' lang='lat' dir='ltr'><strong>Lactantio</strong></span> <span class='ocrx_word' id='word_1_204' title='bbox 1458 3310 1689 3364; x_wconf 81' lang='lat' dir='ltr'><strong>Placido</strong></span> <span class='ocrx_word' id='word_1_205' title='bbox 1726 3310 1896 3365; x_wconf 85' lang='lat' dir='ltr'><strong>Statii</strong></span> <span class='ocrx_word' id='word_1_206' title='bbox 1942 3311 2245 3378; x_wconf 76' lang='lat' dir='ltr'><strong>interprete.</strong></span> 
     </span>
     <span class='ocr_line' id='line_1_34' title="bbox 364 3380 2405 3453; baseline 0 -17"><span class='ocrx_word' id='word_1_207' title='bbox 364 3383 544 3450; x_wconf 79' lang='lat' dir='ltr'><strong>praef.</strong></span> <span class='ocrx_word' id='word_1_208' title='bbox 576 3398 618 3434; x_wconf 85' lang='lat' dir='ltr'><strong>e.</strong></span> <span class='ocrx_word' id='word_1_209' title='bbox 647 3381 727 3433; x_wconf 92' lang='lat' dir='ltr'><strong>II</strong></span> <span class='ocrx_word' id='word_1_210' title='bbox 771 3382 790 3449; x_wconf 88' lang='grc' dir='ltr'><strong>ΙΙ</strong></span> <span class='ocrx_word' id='word_1_211' title='bbox 845 3386 950 3434; x_wconf 77' lang='grc'><strong>342</strong></span> <span class='ocrx_word' id='word_1_212' title='bbox 986 3397 1058 3435; x_wconf 88' lang='lat' dir='ltr'><strong>ne</strong></span> <span class='ocrx_word' id='word_1_213' title='bbox 1096 3381 1176 3435; x_wconf 86' lang='lat' dir='ltr'><strong>sic</strong></span> <span class='ocrx_word' id='word_1_214' title='bbox 1213 3380 1426 3434; x_wconf 76' lang='lat' dir='ltr'><strong>horotis</strong></span> <span class='ocrx_word' id='word_1_215' title='bbox 1465 3398 1589 3449; x_wconf 91' lang='lat' dir='ltr'><strong>cup.</strong></span> <span class='ocrx_word' id='word_1_216' title='bbox 1622 3397 1670 3435; x_wconf 91' lang='lat' dir='ltr'><strong>a.</strong></span> <span class='ocrx_word' id='word_1_217' title='bbox 1706 3382 1833 3436; x_wconf 80' lang='lat' dir='ltr'><strong>Ood.</strong></span> <span class='ocrx_word' id='word_1_218' title='bbox 1864 3383 2151 3436; x_wconf 75' lang='lat' dir='ltr'><strong>Puteanus</strong></span> <span class='ocrx_word' id='word_1_219' title='bbox 2188 3381 2347 3437; x_wconf 61' lang='lat' dir='ltr'><strong>Laut</strong></span> <span class='ocrx_word' id='word_1_220' title='bbox 2384 3382 2405 3453; x_wconf 80' lang='grc' dir='ltr'><strong>ΙΙ</strong></span> 
     </span>
     <span class='ocr_line' id='line_1_35' title="bbox 373 3451 2404 3522; baseline 0.001 -18"><span class='ocrx_word' id='word_1_221' title='bbox 373 3456 477 3504; x_wconf 91' lang='grc'><strong>343</strong></span> <span class='ocrx_word' id='word_1_222' title='bbox 516 3453 687 3504; x_wconf 73' lang='lat' dir='ltr'><strong>uocat</strong></span> <span class='ocrx_word' id='word_1_223' title='bbox 721 3451 845 3505; x_wconf 86' lang='lat' dir='ltr'><strong>loco</strong></span> <span class='ocrx_word' id='word_1_224' title='bbox 883 3451 1040 3506; x_wconf 84' lang='lat' dir='ltr'><strong>Laet.</strong></span> <span class='ocrx_word' id='word_1_225' title='bbox 1069 3454 1088 3520; x_wconf 76' lang='lat' dir='ltr'>u</span> <span class='ocrx_word' id='word_1_226' title='bbox 1117 3456 1221 3504; x_wconf 91' lang='grc'><strong>344</strong></span> <span class='ocrx_word' id='word_1_227' title='bbox 1256 3467 1418 3520; x_wconf 82' lang='lat' dir='ltr'><strong>reges</strong></span> <span class='ocrx_word' id='word_1_228' title='bbox 1456 3455 1501 3503; x_wconf 95' lang='lat' dir='ltr'>A</span> <span class='ocrx_word' id='word_1_229' title='bbox 1528 3454 1547 3521; x_wconf 79' lang='grc' dir='ltr'><strong>ΙΙ</strong></span> <span class='ocrx_word' id='word_1_230' title='bbox 1574 3456 1677 3505; x_wconf 79' lang='grc'><strong>345</strong></span> <span class='ocrx_word' id='word_1_231' title='bbox 1716 3455 1903 3506; x_wconf 74' lang='lat' dir='ltr'><strong>uestes</strong></span> <span class='ocrx_word' id='word_1_232' title='bbox 1940 3453 2097 3508; x_wconf 84' lang='lat' dir='ltr'><strong>Laet.</strong></span> <span class='ocrx_word' id='word_1_233' title='bbox 2128 3453 2147 3522; x_wconf 88' lang='grc' dir='ltr'><strong>ΙΙ</strong></span> <span class='ocrx_word' id='word_1_234' title='bbox 2175 3457 2280 3505; x_wconf 80' lang='grc'><strong>346</strong></span> <span class='ocrx_word' id='word_1_235' title='bbox 2313 3458 2404 3506; x_wconf 85' lang='lat' dir='ltr'><strong>re-</strong></span> 
     </span>
     <span class='ocr_line' id='line_1_36' title="bbox 373 3520 2400 3644; baseline 0.003 -72"><span class='ocrx_word' id='word_1_236' title='bbox 373 3521 469 3588; x_wconf 83' lang='lat' dir='ltr'><strong>gia</strong></span> <span class='ocrx_word' id='word_1_237' title='bbox 501 3521 710 3644; x_wconf 66' lang='lat' dir='ltr'><strong>Laeth</strong></span> <span class='ocrx_word' id='word_1_238' title='bbox 738 3526 840 3575; x_wconf 75' lang='lat'><strong>347</strong></span> <span class='ocrx_word' id='word_1_239' title='bbox 878 3521 1025 3576; x_wconf 84' lang='lat' dir='ltr'><strong>fores</strong></span> <span class='ocrx_word' id='word_1_240' title='bbox 1055 3529 1104 3575; x_wconf 81' lang='grc' dir='ltr'>Ε</span> <span class='ocrx_word' id='word_1_241' title='bbox 1141 3520 1332 3576; x_wconf 76' lang='lat' dir='ltr'><strong>trabes</strong></span> <span class='ocrx_word' id='word_1_242' title='bbox 1363 3528 1411 3575; x_wconf 85' lang='lat' dir='ltr'>A</span> <span class='ocrx_word' id='word_1_243' title='bbox 1437 3523 1595 3578; x_wconf 86' lang='lat' dir='ltr'><strong>Lact</strong></span> <span class='ocrx_word' id='word_1_244' title='bbox 1624 3525 1644 3593; x_wconf 81' lang='grc' dir='ltr'><strong>ΙΙ</strong></span> <span class='ocrx_word' id='word_1_245' title='bbox 1673 3528 1775 3576; x_wconf 86' lang='grc'><strong>348</strong></span> <span class='ocrx_word' id='word_1_246' title='bbox 1805 3540 2003 3592; x_wconf 81' lang='lat' dir='ltr'><strong>regem</strong></span> <span class='ocrx_word' id='word_1_247' title='bbox 2040 3538 2231 3592; x_wconf 83' lang='lat' dir='ltr'><strong>regem</strong></span> <span class='ocrx_word' id='word_1_248' title='bbox 2272 3524 2400 3624; x_wconf 79' lang='lat' dir='ltr'><strong>(sic)</strong></span> 
     </span>
     <span class='ocr_line' id='line_1_37' title="bbox 373 3597 800 3656; baseline 0.01 -14"><span class='ocrx_word' id='word_1_249' title='bbox 373 3607 426 3655; x_wconf 91' lang='lat' dir='ltr'><strong>q.</strong></span> <span class='ocrx_word' id='word_1_250' title='bbox 455 3607 494 3656; x_wconf 90' lang='lat' dir='ltr'><strong>p</strong></span> <span class='ocrx_word' id='word_1_251' title='bbox 539 3608 595 3642; x_wconf 89' lang='lat' dir='ltr'><strong>m</strong></span> <span class='ocrx_word' id='word_1_252' title='bbox 700 3597 800 3647; x_wconf 87' lang='lat' dir='ltr'><strong>aet.</strong></span> 
     </span>
    </p>
   </div>
  </div>
 </body>
</html>
