2658 4117
353 250 478 313 188
992 252 1049 303 L.
1080 249 1183 301 AN
1185 249 1238 302 N
1239 249 1363 302 AEI
1402 249 1726 304 SENECAE

355 394 759 478 Colchusque
804 395 1076 460 Phasis?
1121 395 1289 460 redit
1333 396 1415 459 ad
1459 400 1751 460 auctores
1798 417 1999 480 genus

355 486 746 568 stirpemque
792 486 1067 568 primam
1114 485 1390 570 degener
1435 485 1697 568 sanguis
1742 485 1952 550 refert.

354 578 452 638 est
497 595 757 656 prorsus
804 574 927 637 iste
973 575 1184 658 gentis
1231 573 1565 637 armiferae
1610 574 1807 656 furor,

355 664 563 726 odisse
607 662 879 727 Veneris
922 663 1179 729 foedera
1226 667 1291 726 et
1337 666 1582 729 castum
1631 663 1740 726 diu
2276 683 2388 731 910

352 751 616 836 vulgare
661 752 919 836 populis
967 773 1215 835 corpus,
1309 773 1348 815 o
1393 755 1634 816 tetrum
1681 773 1882 836 genus

352 841 656 922 nullaque
702 842 945 905 victum
990 842 1133 925 lege
1178 841 1463 905 melioris
1510 840 1656 904 soli!

352 930 523 993 ferae
572 951 827 1014 quoque
872 930 1048 1012 ipsae
1095 928 1366 994 Veneris
1412 931 1655 994 evitant
1700 931 1906 1013 nefaS,

353 1019 731 1104 generisque
776 1018 951 1104 leges
999 1020 1238 1085 inscius
1284 1023 1495 1083 servat
1540 1019 1763 1120 pudor.

352 1108 466 1172 ubi
511 1109 728 1171 vultus
773 1107 883 1172 ille
931 1111 995 1171 et
1039 1109 1191 1173 ficta
1235 1109 1536 1171 maiestas
1581 1109 1703 1171 viri
2278 1126 2387 1174 915

354 1202 548 1278 atque
593 1196 852 1259 habitus
898 1196 1194 1279 horrens,
1239 1198 1451 1281 prisca
1496 1199 1561 1260 et
1606 1197 1871 1280 antiqua
1916 1201 2244 1281 appetem,

353 1306 734 1366 morumque
781 1286 1029 1349 senium
1076 1287 1262 1351 triste
1308 1289 1373 1349 et
1418 1285 1684 1350 affectus
1731 1287 2000 1370 graves?

357 1396 394 1437 o
440 1375 575 1438 vita
619 1374 845 1457 fallax,
891 1375 1142 1439 abditos
1189 1396 1413 1439 sensus
1458 1375 1630 1460 geris

353 1464 711 1545 animisque
756 1463 1091 1546 pulchram
1139 1464 1437 1546 turpibus
1483 1465 1713 1528 faciem
1761 1463 1999 1529 induis:

354 1552 562 1635 pudor
605 1553 1045 1635 impudentem
1092 1554 1281 1635 celat,
1327 1553 1632 1617 audacem
1681 1553 1886 1637 quim,
2279 1571 2388 1620 920

354 1643 560 1724 pietas
606 1641 986 1725 nefandum3
1033 1664 1183 1705 vera
1227 1641 1489 1707 fallaces
1535 1642 1811 1724 probant

356 1730 787 1812 simulantque
834 1731 1062 1794 molles
1109 1730 1282 1794 dura.
1377 1733 1682 1795 silvarum
1728 1733 1938 1797 incola

353 1821 463 1883 ille
510 1819 808 1883 efferatus
856 1825 1068 1884 castus
1114 1821 1395 1885 intactus
1442 1820 1640 1903 rudis,

354 1908 516 1972 mihi
561 1912 626 1973 te
672 1910 1001 1973 reservas?
1048 1932 1086 1972 a
1131 1931 1275 1972 meo
1323 1909 1604 1992 primum
1650 1912 1794 1972 toro

355 2001 420 2062 et
466 1997 700 2062 scelere
746 2000 931 2062 tanto
976 1998 1219 2082 placuit
1267 1999 1463 2063 ordiri
1510 1998 1763 2063 virum?
2276 2015 2386 2065 925

354 2089 483 2151 iam
530 2088 657 2150 iam
706 2109 983 2171 superno
1029 2088 1279 2152 numini
1325 2091 1538 2171 grates
1584 2108 1727 2171 ag0‚

357 2174 532 2258 quod
574 2176 703 2239 icta
748 2179 968 2240 nostra
1015 2177 1242 2240 cecidit
1287 2175 1571 2259 Antiope
1617 2199 1838 2258 manu,

357 2263 529 2346 quod
574 2286 707 2328 non
751 2265 832 2328 ad
877 2269 1063 2329 antra
1109 2263 1337 2350 Stygia
1384 2265 1766 2329 descendens
1814 2266 1935 2329 tibi

355 2356 625 2416 matrem
671 2352 920 2435 reliqui.
1013 2355 1327 2439 profugus
1375 2355 1631 2439 ignotas
1678 2356 1904 2438 procul

355 2462 652 2525 percurre
697 2446 948 2528 gentes:
994 2446 1060 2506 te
1105 2443 1257 2507 licet
1301 2447 1472 2508 terra
1517 2444 1747 2510 ultimo
2278 2461 2390 2509 930

357 2534 678 2594 summota
724 2532 965 2596 mundo
1011 2533 1268 2595 dirimat
1315 2530 1552 2596 Oceani
1597 2533 1806 2617 plagis

358 2620 703 2702 orbemque
749 2621 985 2685 nostris
1033 2621 1301 2704 pedibus
1351 2622 1691 2685 obversum
1740 2620 1910 2686 colas
1921 2672 1939 2704 ‚

354 2709 507 2773 licet
553 2710 622 2772 in
665 2730 917 2774 recessu
961 2711 1222 2794 penitus
1266 2714 1554 2775 extremo
1599 2710 1855 2776 abditus

354 2797 667 2862 horrifera
714 2801 865 2863 celsi
908 2822 1106 2885 regna
1149 2800 1481 2866 transieris
1528 2800 1664 2882 poli

355 2889 725 2970 hiemesque
772 2910 964 2973 supra
1010 2890 1260 2972 positus
1307 2892 1373 2951 et
1417 2910 1606 2952 canas
1652 2889 1831 2952 nives
2278 2904 2383 2954 935

358 2977 555 3062 gelidi
599 2977 943 3042 frementes
989 2979 1258 3062 liqueris
1300 2977 1544 3041 Boreae
1591 2978 1795 3041 minas

356 3070 507 3151 post
551 3070 615 3129 te
661 3067 944 3131 furentes
955 3117 973 3150 ‚
1020 3067 1364 3131 sceleribus
1411 3087 1650 3149 poenas
1699 3066 1897 3130 dabis,

355 3155 704 3239 profugum
751 3179 864 3238 per
910 3156 1119 3221 omnis
1165 3157 1463 3239 pertinax
1499 3155 1773 3219 latebras
1819 3177 2133 3238 premam:

354 3245 711 3329 longinqua
758 3247 973 3310 clausa
1017 3246 1310 3309 abstrusa
1357 3245 1605 3309 diversa
1649 3245 1824 3308 invia

498 3407 600 3453 997
621 3401 806 3455 Phisis
824 3407 867 3454 E
895 3405 913 3470 ΙΙ
942 3407 1045 3454 908
1067 3402 1500 3470 strirpemqueE
1528 3404 1545 3470 [Ι
1574 3406 1680 3453 909
1708 3401 2077 3469 armigeram
2104 3405 2123 3470 fl
2151 3408 2247 3457 912
2270 3420 2382 3456 non

357 3471 475 3524 ulla
511 3472 766 3525 uinctum
803 3478 884 3523 Δτ
928 3474 946 3540 ΙΙ
992 3478 1086 3526 917
1127 3475 1184 3526 et
1222 3475 1452 3541 aspectu
1489 3489 1663 3542 graue
1701 3476 1746 3524 A
1786 3475 1804 3540 ΙΙ
1850 3477 1947 3524 919
1983 3473 2228 3527 turbidis
2267 3478 2339 3526 Δΐ
2365 3477 2383 3543 ΙΙ

358 3546 463 3594 924
500 3558 534 3594 a
572 3559 671 3596 om.
710 3548 791 3593 Δτ
817 3546 835 3610 Η
863 3548 969 3596 926
1004 3561 1104 3598 om.
1134 3555 1190 3609 ψ
1219 3547 1237 3612 ΙΙ
1264 3549 1370 3597 936
1408 3544 1659 3612 gelidum
1687 3543 1976 3597 frementis
2013 3545 2088 3598 N.
2110 3544 2383 3599 Heinsius

349 3629 408 3679 p.
451 3615 697 3679 6911937
737 3614 896 3680 poste
933 3614 971 3666 f.
1010 3621 1052 3666 E
1081 3617 1229 3682 11938
1269 3632 1459 3669 omnes
1497 3620 1541 3667 A
1569 3619 1588 3684 Η
1616 3620 1720 3667 939
1757 3614 2125 3686 longinquam
2161 3622 2204 3669 E
