2658 4117
1096 253 1473 309 THYESTES
2166 257 2295 320 287

594 404 1057 482 conantemque
1105 398 1288 482 sequi
1334 400 1591 485 deserit3
1636 400 1745 464 hic
1790 400 1957 465 bibit

591 491 791 552 alt-um
841 489 918 552 de
962 488 1187 572 rapido
1236 489 1490 573 gurgite
1541 490 1885 572 pulverem.
2195 506 2297 554 175

849 697 1195 764 ATREVS
1272 698 1715 765 SATELLES

400 823 670 910 Ignave‚
715 825 912 906 iners,
958 825 1205 888 enervis
1252 828 1316 888 et
1364 822 1567 910 (quod
1611 826 1963 889 maximum

269 914 578 998 probrum
624 917 898 997 tyranno
944 913 1134 977 rebus
1181 913 1250 976 in
1296 913 1563 977 summis
1608 911 1781 1000 reor)

267 1003 496 1085 inulte,
541 1005 691 1085 post
734 1006 835 1066 tot
880 1003 1144 1084 scelera,
1189 1006 1340 1085 post
1383 1000 1599 1066 fratris
1645 1002 1824 1066 dolos

266 1092 492 1174 fasque
540 1112 728 1154 omne
773 1094 1037 1174 ruptum
1085 1091 1418 1173 questibus
1463 1091 1644 1154 vanis
1692 1091 1830 1176 agis

268 1180 468 1244 iratus
504 1177 785 1243 Atreus?
830 1179 1100 1243 fremere
1146 1179 1275 1243 iam
1320 1184 1497 1243 totus
1542 1180 1672 1243 tuis
2193 1194 2297 1245 180

267 1267 539 1333 debebat
584 1268 777 1331 armis
825 1267 998 1332 orbis
1046 1272 1110 1332 et
1155 1268 1484 1353 geminum
1531 1289 1705 1331 mare

266 1357 592 1439 utrimque
638 1357 875 1421 classes
923 1378 1136 1441 agere,
1181 1357 1310 1420 iam
1358 1355 1632 1420 fiammis
1679 1379 1868 1442 agros

264 1446 477 1510 lucere
524 1448 588 1509 et
632 1445 820 1509 urbes
869 1445 1083 1510 decuit
1128 1466 1201 1508 ac
1248 1446 1542 1509 strictum
1587 1445 1872 1528 undique

265 1535 502 1598 micare
546 1535 804 1598 ferrum.
895 1538 1034 1599 tota
1080 1534 1199 1598 sub
1247 1537 1468 1597 nostro
1517 1538 1700 1597 sonet

266 1620 575 1708 Argolica
618 1624 811 1687 tellus
860 1624 1101 1706 equite3
1147 1644 1280 1686 11011
1324 1623 1523 1686 silvae
1571 1626 1793 1707 tegant
2193 1636 2294 1685 185

264 1710 518 1775 hostem
564 1732 682 1775 nec
729 1712 876 1775 altis
923 1710 1242 1775 montium
1291 1714 1568 1775 structae
1615 1711 1785 1795 iugis

267 1819 472 1882 arces3
516 1800 756 1864 relictis
801 1799 1106 1865 bellicum
1152 1803 1328 1864 totus
1378 1803 1564 1864 canat

267 1889 549 1972 populus
595 1886 908 1971 Mycenis,
956 1888 1248 1971 quisquis
1295 1888 1576 1952 invisum
1624 1891 1818 1970 caput

264 1977 429 2062 tegit
475 1997 548 2040 ac
592 1980 825 2061 tuetur,
873 1977 1051 2041 clade
1095 1977 1353 2041 funesta
1400 1976 1663 2040 occidat.

264 2065 423 2130 haec
467 2067 609 2149 ipsa
654 2067 905 2150 pollens
951 2067 1162 2131 incliti
1204 2066 1466 2150 Pelopis
1513 2066 1740 2130 domus
2191 2082 2294 2131 190

263 2158 410 2218 ruat
455 2156 559 2218 vel
603 2155 671 2219 in
716 2178 847 2237 me,
894 2155 1240 2220 dummodo
1287 2156 1356 2219 in
1401 2155 1663 2219 fratrem
1708 2158 1870 2218 ruat.

265 2264 409 2328 age,
456 2243 691 2326 anime,
736 2244 840 2308 fac
887 2244 1060 2327 quod
1105 2245 1286 2308 nulla
1329 2245 1673 2328 posteritas
1718 2243 1975 2327 probet,

265 2331 377 2394 sed
421 2332 601 2395 nulla
644 2336 870 2396 taceat.
963 2333 1226 2416 aliquod
1272 2333 1633 2397 audendum
1682 2337 1778 2396 est
1822 2333 2003 2395 nefas

265 2423 478 2503 atrox,
525 2425 885 2505 cruentum,
932 2423 1060 2486 tale
1108 2422 1281 2504 quod
1323 2422 1522 2485 frater
1566 2443 1746 2485 meus

265 2530 454 2572 suum
502 2531 639 2573 esse
685 2511 909 2574 mallet
947 2548 1030 2557 —-
1070 2512 1309 2574 scelera
1352 2532 1487 2574 non
1529 2511 1890 2588 ulcisceris,
2190 2526 2292 2574 195

263 2598 392 2661 nisi
437 2597 659 2662 vincis
751 2602 814 2662 et
861 2598 1017 2682 quid
1063 2620 1199 2663 esse
1243 2602 1378 2662 tam
1426 2621 1685 2663 saevum
1732 2602 1949 2682 potest

266 2686 440 2768 quod
487 2691 745 2771 superet
789 2687 1021 2751 illum?
1065 2687 1382 2769 numquid
1427 2687 1711 2752 abiectus
1758 2686 1964 2750 iacet‘?

262 2775 580 2858 numquid
626 2775 921 2840 secundis
967 2777 1211 2860 patitur
1256 2777 1325 2839 in
1369 2776 1560 2839 rebus
1606 2774 1896 2858 modum,

261 2863 451 2928 fessis
499 2864 824 2946 quietem?
870 2865 1023 2929 novi
1070 2886 1189 2949 ego
1236 2865 1567 2949 ingenium
1615 2864 1738 2927 viri

266 2952 571 3017 indocile:
620 2952 793 3017 flecti
838 2975 971 3018 non
1015 2956 1230 3036 potest
1265 2989 1355 2999 —
1389 2952 1602 3037 frangi
1647 2955 1876 3034 potest.
2187 2967 2293 3015 200

265 3041 535 3125 proinde
581 3045 925 3124 antequam
973 3064 1040 3105 se
1085 3043 1300 3105 firmat
1347 3045 1459 3105 aut
1502 3041 1668 3105 vires
1715 3044 1925 3123 parat,

265 3133 523 3212 petatur
566 3131 766 3213 ultrO‚
812 3153 893 3195 ne
941 3131 1374 3214 quiescentem
1420 3133 1614 3213 petat.

400 3321 464 3373 in
500 3322 661 3376 titulo
689 3338 797 3389 pro
832 3323 1063 3377 satellite
1101 3322 1299 3376 Servus
1338 3326 1383 3374 A
1428 3328 1479 3376 et
1522 3322 1602 3375 sic
1639 3337 1743 3389 per
1779 3325 1949 3402 totam
1984 3336 2237 3374 scaenam
2274 3322 2292 3389 ΙΙ

232 3396 354 3449 Κ177
394 3390 633 3461 probum
671 3399 713 3445 Ε
777 3396 796 3462 ΙΙ
859 3398 957 3445 180
993 3393 1132 3459 iras,
1172 3397 1234 3448 at
1272 3395 1373 3463 (vel
1409 3394 1488 3462 et)
1524 3393 1704 3461 Argos
1741 3391 1779 3445 f.
1819 3391 1855 3444 i.
1894 3392 2076 3444 totum
2111 3392 2150 3444 t.
2192 3394 2237 3442 A
2272 3392 2292 3461 ΙΙ

260 3467 350 3514 181
399 3463 451 3516 d.
502 3479 549 3515 a.
600 3464 781 3517 omnis
828 3468 873 3516 A
934 3466 953 3533 ΙΙ
1016 3469 1113 3517 182
1158 3464 1356 3518 innare
1405 3463 1614 3517 classis.
1690 3463 1806 3516 iam
1851 3462 1965 3516 tuis
2011 3461 2062 3514 fl.
2103 3477 2151 3514 a.
2192 3466 2237 3514 A
2275 3465 2293 3531 ΙΙ

260 3537 355 3585 185
395 3532 643 3602 argolico
686 3539 759 3587 At
820 3537 839 3603 ΙΙ
903 3540 998 3588 195
1042 3536 1207 3590 malit
1248 3540 1293 3588 A
1356 3539 1375 3606 ΙΙ
1439 3540 1537 3590 201
1579 3534 1764 3588 firmet
1810 3551 1858 3588 a.
1897 3552 1946 3587 v.
1990 3535 2153 3602 paret
2193 3537 2238 3585 A
2275 3537 2294 3602 u

262 3609 366 3663 202
396 3622 496 3659 om.
516 3606 663 3674 ψ(τ)
