2658 4117
388 258 519 323 384
1030 256 1089 310 L.
1119 255 1400 309 ANNAEI
1437 255 1762 310 SENECAE

383 406 612 490 ignave
660 403 828 466 iners
874 402 1135 468 inermis
1176 440 1257 447 ——
1298 424 1379 465 en
1423 406 1677 465 nostros
1724 423 1949 464 manus

386 516 547 576 quae
594 491 815 555 tendat
860 491 1070 554 arcus!
1118 491 1273 573 quid
1319 491 1495 554 sedet
1541 492 1749 573 pallor
1795 491 2017 574 genis?

385 584 599 647 animo
646 581 815 644 faces
862 580 1089 643 invade
1137 601 1264 662 quo
1312 578 1586 643 Alciden
1630 579 1805 642 vides

385 673 567 735 voltu
612 671 830 733 iacere.
920 670 1164 752 respice
1211 690 1529 751 arsurum,
1577 669 1783 732 miser.

385 764 572 824 vocat
618 780 760 822 ecce
807 758 934 821 iam
981 780 1083 821 me
1130 759 1384 842 genitor
1430 762 1493 821 et
1540 757 1763 840 pandit
1809 759 2021 840 polos3
2272 773 2413 821 1725

386 850 593 930 veni0‚
640 848 889 931 pater.''
951 846 1292 928 voltusque
1337 868 1471 910 non
1516 847 1682 910 idem
1728 846 1868 910 fuit.

387 941 699 1002 tremente
746 938 970 1020 pinum
1018 936 1276 999 dextera
1322 935 1649 999 ardentem
1696 935 1972 1018 impulit.

386 1028 625 1112 refugit
671 1026 840 1111 ignis
886 1030 950 1088 et
993 1027 1390 1088 reluctantur
1433 1025 1602 1088 faces

389 1121 453 1181 et
497 1115 783 1179 membra
828 1115 1059 1196 vitant,
1107 1114 1217 1177 sed
1259 1113 1658 1177 recedentem
1706 1111 2013 1177 Hercules

387 1204 780 1300 insequitur
763 1225 995 1288 ignem.
1038 1202 1389 1266 Caucasum
1408 1206 1519 1265 aut
1536 1201 1812 1265 Pindum
1832 1205 1942 1265 aut
1961 1199 2181 1265 Athon
2276 1217 2416 1267 1730

388 1294 605 1358 ardere
653 1287 895 1357 credas:
942 1292 1157 1355 nullus
1204 1293 1484 1374 erumpit
1530 1312 1750 1373 sonus,

388 1386 640 1446 tantum
687 1382 1065 1482 ingemescit
1109 1381 1297 1481 ignis·
1388 1402 1426 1443 0
1474 1380 1702 1443 durum
1750 1380 1948 1443 iecur!

390 1471 667 1555 Typhon
712 1471 781 1536 in
825 1471 939 1533 illo
987 1470 1234 1553 positus
1280 1470 1578 1533 immanis
1624 1490 1784 1554 rogo

394 1561 740 1646 gemuisset
786 1560 922 1642 ipse
969 1559 1207 1641 quique
1254 1559 1625 1622 convulsam
1674 1560 1811 1622 solo

390 1650 700 1732 imposuit
744 1649 980 1712 umeris
1029 1646 1233 1711 Ossan
1277 1646 1637 1716 Enceladus
1682 1648 1892 1732 ferox3
2278 1663 2416 1712 1735

393 1744 460 1803 at
505 1739 614 1802 ille
661 1738 900 1801 medias
947 1738 1114 1800 inter
1159 1758 1475 1821 exurgens
1521 1738 1716 1818 faces,

392 1829 734 1891 semiustus
780 1848 855 1891 ac
898 1827 1201 1907 laniatus,
1247 1826 1636 1908 intrepidum
1683 1830 1894 1889 tuens:

393 1916 598 1980 ‘nunc
645 1938 709 1980 es
757 1938 984 1999 parens
1032 1914 1372 1978 Herculea:
1421 1915 1512 1978 sic
1557 1919 1723 1978 stare
1769 1914 1850 1977 ad
1894 1936 2125 2000 rogum

392 2011 485 2088 te,
530 2005 766 2069 mater'
812 2005 1050 2088 inquit,
1099 2004 1223 2068 ‘sic
1268 2004 1449 2068 decet
1493 2003 1632 2067 fleri
1678 2002 2062 2068 Herculem.’

395 2097 562 2160 inter
606 2116 874 2177 vapores
921 2095 1168 2177 positus
1216 2098 1279 2158 et
1323 2094 1619 2157 fiammae
1665 2093 1870 2156 minas
2281 2110 2421 2158 1740

395 2186 728 2266 immotus,
773 2184 1216 2265 inconcussus,
1263 2183 1333 2246 in
1375 2187 1673 2246 neutrum
1720 2184 1888 2247 latus

395 2277 686 2356 correpta
731 2276 1036 2354 torquens
1084 2272 1371 2335 membra
1416 2271 1809 2354 adhortatur,
1855 2276 2101 2353 monet,

398 2363 564 2447 gerit
609 2361 853 2443 aliquid
899 2361 1140 2425 ardens.
1235 2361 1533 2424 omnibus
1577 2360 1811 2424 fortem
1859 2361 2104 2424 addidit

395 2452 681 2515 animum
729 2451 1065 2534 ministris3
1112 2472 1293 2514 urere
1341 2449 1666 2513 ardentem
1714 2454 1917 2532 putes

397 2543 612 2623 stupet
659 2561 846 2603 omne
893 2540 1148 2623 volguS,
1194 2539 1303 2602 vix
1348 2538 1590 2602 habent
1634 2539 1927 2602 flammae
1973 2539 2191 2620 fidem,
2284 2554 2427 2603 1745

395 2634 528 2693 tam
576 2628 827 2712 placida
871 2629 1050 2691 frons
1097 2631 1219 2709 est,
1264 2631 1444 2691 tanta
1491 2628 1786 2691 maiestas
1833 2629 1989 2691 viro,

539 2844 667 2893 1721
704 2841 789 2893 est
824 2840 1042 2892 nostros
1078 2844 1125 2891 A
1151 2841 1168 2907 ΙΙ
1197 2843 1333 2891 1722
1372 2838 1497 2906 quis
1533 2843 1580 2890 A
1606 2841 1624 2907 ΙΙ
1651 2843 1785 2891 1724
1822 2838 2030 2893 iacere:
2073 2856 2130 2892 m
2165 2855 2267 2893 scr.
2304 2855 2429 2905 sup.

398 2929 426 2964 1·
452 2911 524 2963 13¹
573 2916 579 2977 Ι
631 2910 934 2978 respice—
955 2910 1177 2979 genitor
1213 2926 1312 2963 om.
1352 2916 1395 2962 B
1449 2912 1467 2978 ΙΙ
1522 2914 1654 2963 1725
1701 2912 1865 2979 rogat
1902 2926 2030 2964 ecce
2076 2915 2121 2962 Δ
2171 2913 2192 2992 l·
2227 2909 2434 2977 pandit

402 2982 536 3036 deos
564 2988 607 3034 Ε
681 2984 744 3034 in
781 2999 881 3051 my
922 2999 1133 3036 versum
1167 2981 1360 3048 repetit
1398 2983 1517 3048 (om.
1557 2981 1692 3049 iam)
1729 2981 1801 3034 13¹
1839 2984 1858 3049 Η
1898 2986 2032 3035 1728
2067 2980 2230 3035 venio
2269 2981 2433 3034 venio

399 3073 452 3123 p.
492 3053 792 3121 vultusque
828 3059 871 3105 Ε
918 3056 935 3122 ΙΙ
981 3058 1112 3106 1727
1154 3054 1486 3106 trementem
1523 3058 1566 3104 B
1597 3054 1606 3120 Ι
1639 3052 1840 3121 impuli
1879 3057 1923 3104 A
1968 3055 1985 3121 ΙΙ
2031 3058 2166 3106 1728
2213 3052 2433 3105 luctan-

398 3127 491 3179 tur
525 3131 568 3177 13
597 3128 778 3194 111729
814 3124 960 3177 vitat
996 3130 1038 3175 B
1066 3127 1085 3193 ΙΙ
1110 3129 1245 3176 1730
1284 3125 1477 3177 athom
1514 3129 1556 3174 B
1584 3125 1603 3191 ΙΙ
1631 3128 1757 3176 1731
1799 3124 1994 3178 ardere
2032 3139 2226 3178 cernas
2262 3141 2316 3177 n.
2356 3123 2433 3177 ir-

398 3196 610 3266 rumpit
658 3202 700 3247 B
748 3199 765 3264 ΙΙ
811 3201 945 3249 1732
991 3212 1023 3248 0
1062 3195 1247 3249 dirum
1282 3195 1331 3248 it
1368 3201 1410 3246 B
1460 3194 1533 3248 ad
1571 3195 1772 3248 durum
1808 3195 1961 3249 iecur
1998 3200 2042 3247 A
2085 3197 2105 3263 ss
2149 3199 2282 3248 1733
2329 3194 2435 3248 im-

398 3286 493 3322 ma
522 3311 532 3322 .
566 3310 576 3321 .
610 3310 620 3321 .
652 3268 740 3321 nis
777 3269 958 3336 spatio
996 3272 1033 3320 8
1070 3268 1379 3321 litterarmn
1414 3282 1585 3321 vacuo
1620 3272 1663 3318 B
1719 3268 1737 3335 ΙΙ
1788 3271 1924 3319 1734
1963 3282 2290 3320 concussam
2325 3271 2370 3318 E
2417 3268 2434 3333 u

400 3345 531 3393 1735
571 3338 892 3393 encelladus
930 3345 972 3390 B
1019 3340 1037 3406 ΙΙ
1082 3342 1215 3391 1736
1263 3341 1352 3391 ast
1389 3337 1487 3391 ille
1523 3343 1566 3389 Β
1600 3340 1607 3406 1
1641 3353 1874 3392 exurens
1911 3343 1954 3389 Β
1982 3340 2000 3406 ΙΙ
2029 3342 2159 3391 1737
2198 3337 2436 3405 intrepi-

401 3411 504 3463 dus
542 3428 598 3465 ω
634 3412 842 3464 rubens
879 3414 926 3461 A
968 3426 1135 3463 ruens
1172 3415 1215 3461 B
1252 3426 1389 3464 corr.
1420 3410 1495 3463 N.
1518 3409 1787 3463 Heinsius
1818 3426 1875 3476 p.
1897 3412 2005 3463 304
2049 3411 2068 3478 ΙΙ
2112 3413 2244 3462 1738
2283 3425 2434 3462 1111110

401 3497 432 3534 0
470 3498 674 3549 parens
713 3487 758 3534 A
794 3500 847 3533 n.
881 3482 966 3534 est
993 3499 1046 3549 p.
1087 3487 1129 3532 B
1167 3498 1302 3536 corr.
1338 3492 1393 3545 ψ
1427 3483 1434 3548 Ι
1467 3480 1751 3535 herculem
1788 3482 2038 3549 Ε111739
2076 3483 2224 3534 stare
2252 3480 2306 3534 h.
2346 3485 2389 3531 B
2418 3481 2435 3547 ΙΙ

411 3556 544 3602 1740
579 3568 848 3621 uaporem
884 3557 927 3603 Ε
956 3554 973 3620 ΙΙ
1002 3556 1136 3604 1742
1172 3551 1403 3606 flectens
1442 3556 1486 3603 A
1522 3553 1737 3606 torrens
1775 3557 1817 3602 B
1856 3567 1991 3605 corr.
2025 3551 2246 3607 Gronov
2278 3555 2285 3619 Ι
2319 3567 2412 3605 1110
2467 3609 2472 3615 ,

401 3621 495 3671 vet
531 3627 572 3671 Ε
601 3624 618 3688 ΙΙ
646 3627 778 3674 1743
817 3623 962 3676 forte
1000 3629 1041 3673 Ε
1071 3625 1088 3691 ΙΙ
1116 3628 1250 3675 1744
1289 3624 1521 3676 ardente
1558 3628 1601 3674 B
1629 3625 1647 3692 ΙΙ
1674 3628 1805 3675 1745
1844 3622 2044 3691 vulgus
2081 3640 2137 3677 ω
