2658 4117
414 222 645 277 XXVIII
1176 174 1179 177 Α
1221 219 1629 276 PRAEFATIO

414 373 487 434 de
525 375 859 449 septenario
897 371 973 430 ad
999 371 1301 431 Acireium
1337 391 1537 450 regem
1577 364 1745 453 (Mai,
1782 371 1949 430 class.
1981 374 2134 430 auct.
2165 371 2221 428 V
2252 364 2439 453 588):

416 461 453 520 d
500 463 704 521 littera
749 463 813 520 in
858 462 888 519 t
930 463 1368 520 transmutatur
1398 507 1409 518 .
1438 463 1510 519 ut
1542 459 1761 519 Lucius
1806 457 2050 520 Anneus
2108 459 2327 520 Seneca
2371 464 2439 520 in

419 554 582 611 sexto
628 549 928 609 volumine
972 551 1321 609 tetrametro
1367 548 1884 625 brachycatalecto
1931 551 2015 608 810
2062 551 2174 608 ait:

573 641 992 717 geminumque
1022 639 1288 716 duplices
1315 639 1510 716 Argos
1540 638 1769 697 attollit
1796 637 2003 697 domus
2035 632 2175 716 [Ag.
2209 632 2365 716 729]

412 731 473 787 et
515 728 700 786 infra:

596 815 777 876 dubia
821 815 991 874 labat
1035 818 1262 876 ceruice
1292 861 1304 873 .
1336 816 1565 889 famuli,
1612 814 1871 874 attollite
1902 860 1915 874 .
1946 810 2085 894 [Ag.
2119 809 2274 894 787]

415 902 500 963 Cf.
539 905 604 963 L.
642 905 860 964 Mffller
904 904 1015 964 Rh.
1052 904 1202 964 Mus.
1234 906 1338 980 32,
1368 905 1471 979 85,
1516 903 1636 963 Leo
1679 904 1803 962 Ecl.
1840 903 2029 982 Lugd.
2067 925 2124 981 p.
2157 906 2257 962 41.

552 1014 650 1069 14.
709 1011 1153 1071 Theodulfus
1208 1011 1257 1085 Ι,
1305 1011 1431 1069 375
1482 1002 1598 1091 (οᾱ.
1645 1010 1969 1069 Diimmler.
2039 1010 2195 1070 Mon.
2244 1009 2440 1070 Germ.

411 1101 548 1161 hist.
595 1100 919 1160 Poetarum
963 1099 1317 1159 Latinorum
1362 1099 1542 1158 medii
1589 1100 1722 1159 aevi
1767 1099 1799 1157 Ι
1828 1101 1954 1158 483
2002 1099 2064 1157 H
2095 1091 2279 1180 694):

648 1208 782 1248 cum
827 1189 1049 1266 populo
1096 1189 1353 1265 stipatus
1402 1206 1499 1248 eas
1547 1188 1889 1264 foribusque
1935 1187 2201 1290 superbis

414 1272 614 1356 [Herc.
644 1277 721 1335 H.
755 1279 911 1337 607·
961 1296 1094 1336 011111
1130 1280 1224 1336 tot
1250 1278 1488 1353 populis
1522 1278 1778 1354 stipatus
1816 1295 1934 1349 eas,
1970 1278 2035 1335 in
2070 1280 2164 1337 tot
2198 1278 2441 1353 populis

412 1368 513 1425 vix
558 1385 679 1424 una
722 1360 915 1444 fides]
1006 1366 1217 1443 Peiper
1260 1366 1413 1425 Mus.
1444 1365 1628 1424 Rhen.
1661 1368 1741 1426 37
1776 1358 2010 1447 (1877)
2038 1386 2095 1442 p.
2130 1367 2273 1424 537.

552 1474 650 1531 15.
688 1472 1030 1533 Landolfi
1070 1472 1314 1550 Sagacis
1354 1471 1764 1531 additamenta
1800 1472 1877 1530 ad
1904 1472 2080 1531 Pauli
2106 1472 2441 1532 Historiam

412 1561 763 1637 Romanam,
827 1581 983 1621 anno
1042 1563 1164 1620 fere
1214 1561 1531 1620 millesimo
1577 1563 1816 1637 scripta.
1897 1560 2298 1620 Wattenbach
2346 1563 2380 1618 1
2398 1553 2440 1636 ⁶,

418 1651 540 1709 166
582 1672 638 1709 n.
670 1653 726 1709 4.
791 1651 1050 1710 Monum.
1090 1649 1282 1708 Germ.
1321 1650 1459 1709 hist.
1489 1649 1663 1708 Auct.
1703 1650 2106 1725 antiquissimi
2140 1650 2216 1708 H.
2256 1650 2439 1708 Bero-

413 1739 522 1797 lini
580 1741 777 1799 1879:
840 1740 1017 1798 huius
1067 1733 1377 1818 [Neronis]
1433 1739 1800 1815 temporibus
1853 1739 2162 1816 pollebant
2214 1738 2441 1798 Romae

415 1832 590 1905 poete
625 1828 921 1903 Lucanus,
960 1826 1228 1903 Ovidius,
1270 1829 1500 1887 satirici
1535 1827 1836 1887 Iuvenalis
1883 1831 1944 1887 et
1988 1828 2223 1887 Persius
2263 1826 2441 1887 Sene-

413 1935 628 1994 casque
673 1920 954 1996 tragicus,
999 1916 1308 1976 Musonius
1356 1920 1538 1993 atque
1583 1916 1937 1976 Plutarchus
1981 1917 2337 1993 philosophi.

547 2006 650 2066 Eis
698 2025 850 2082 quae
895 2006 1284 2066 subsecuntur
1329 2006 1579 2066 saeculis
1590 1999 1652 2089 ³¹⁶)
1708 2007 1829 2067 fere
1884 2024 2122 2084 prorsus
2180 2005 2244 2064 in
2292 2005 2442 2065 obli-

412 2097 649 2155 vionem
708 2096 900 2155 abisse
958 2096 1332 2173 tragoediam
1380 2095 1711 2155 Romanam
1769 2097 1914 2156 haec
1962 2096 2203 2154 Notkeri
2256 2095 2442 2154 verba

413 2183 627 2243 docent
672 2175 764 2265 (in
808 2182 1176 2256 &ommentis
1220 2183 1296 2244 ad
1327 2184 1576 2294 Boethii
1616 2186 1858 2324 philos
1880 2184 2341 2286 consolationem
2377 2183 2441 2242 H
2512 2253 2515 2256 Α

412 2291 500 2347 pr.
534 2274 571 2330 2
603 2292 688 2331 ex.
718 2292 774 2348 p.
808 2253 937 2331 52¹²
966 2272 1057 2332 med
1087 2266 1455 2355 Hattemer).
1846 2318 1853 2325 .
1981 2301 1984 2304 Δ

637 2361 1001 2439 Tragoedias
1048 2358 1170 2421 sint
1214 2362 1488 2421 luctuosa
1525 2362 1802 2421 carmina.
1850 2357 1973 2421 also
2011 2358 2114 2420 diu
2152 2357 2287 2422 s1'n.t
2336 2357 2442 2419 d1'u

502 2449 805 2526 sophocles
862 2446 1050 2509 screib
1096 2450 1256 2527 apud
1303 2468 1505 2529 grecos
1557 2451 1629 2510 de
1676 2450 2078 2511 euersionibus
2123 2470 2441 2530 regnorum

503 2541 562 2597 et
612 2538 864 2597 urbium.
919 2534 1077 2599 unde
1133 2536 1253 2599 sint
1297 2534 1747 2617 uuideruuartig
1792 2541 1917 2599 tien
1974 2540 2307 2613 comoediis.
2365 2559 2439 2596 an

503 2626 640 2686 dien
699 2624 838 2686 uuir
890 2627 950 2688 ‘io
1005 2622 1262 2706 80116τὸ11
1320 2629 1546 2687 laetum
1602 2622 1759 2687 unde
1816 2629 2133 2688 iocundum
2197 2630 2439 2687 exitum.

511 2709 662 2777 U‘ns
713 2719 791 2776 ist
844 2716 983 2776 dber
1033 2718 1294 2776 wnchwnt
1321 2764 1334 2776 .
1372 2717 1482 2776 cibe
1535 2718 1772 2777 deheim
1826 2719 1997 2776 latim·
2051 2713 2260 2792 trayici
2296 2713 2441 2793 swn-

501 2806 644 2865 dene
686 2805 950 2864 uuerden
995 2850 1008 2864 .
1057 2803 1122 2865 86
1168 2805 1305 2863 uuir
1350 2803 1581 2884 gnuoge
1637 2801 1840 2864 finden
1892 2806 2112 2865 latinos
2169 2806 2440 2866 comicos

499 2893 713 2969 Peiper
759 2892 964 2970 Suppl.
1008 2914 1065 2971 p.
1099 2896 1200 2955 36.

553 3081 604 3150 ³¹⁸)
642 3080 846 3135 Nescio
886 3097 958 3134 an
997 3081 1072 3133 ad
1113 3081 1438 3151 tragoedias
1476 3081 1770 3136 referenda
1816 3082 1892 3136 sit
1939 3081 2182 3136 Senecae
2226 3081 2441 3135 mentio

411 3151 565 3219 apud
629 3150 927 3207 Auctorem
992 3151 1221 3221 Dialogi
1204 3153 1216 3164 '
1285 3153 1357 3207 de
1421 3152 1759 3206 Pontificatu
1828 3153 1879 3207 S.
1938 3153 2094 3207 Rom.
2152 3151 2444 3207 Ecclesiae

412 3220 639 3301 (Libelli
685 3222 754 3277 de
800 3222 903 3277 lite
948 3223 1355 3292 Imperatorum
1402 3226 1461 3278 et
1504 3223 1840 3278 Pontificum
1887 3242 1927 3277 8.
1957 3224 2035 3277 XI
2073 3225 2130 3278 et
2165 3223 2267 3276 XII
2310 3239 2440 3277 con-

412 3291 625 3361 scripti.
655 3292 906 3348 Hannov.
940 3299 1076 3348 1897
1105 3294 1184 3348 ΠΙ
1213 3297 1364 3364 527):
1411 3294 1533 3348 Iam
1577 3310 1706 3349 vero
1750 3295 1949 3349 eadem
1992 3296 2151 3349 varia
2193 3294 2445 3349 lectione

409 3366 600 3417 noster
654 3363 782 3417 aliis
837 3363 992 3419 illius
1047 3365 1252 3419 aetatis
1310 3365 1676 3435 scriptoribus
1729 3366 2036 3448 praestitit,
2089 3382 2201 3433 qua
2253 3364 2443 3420 Rahe·

409 3434 604 3487 winus
680 3433 852 3488 Novit
907 3437 965 3489 et
1017 3435 1274 3489 laudavit
1325 3438 1563 3504 uterque
1620 3469 1684 3476 —
1743 3437 1831 3490 ius
1888 3435 2051 3491 civile
2105 3437 2443 3503 Romanum,

412 3504 699 3558 decretum
738 3504 1015 3571 Gratiani,
1054 3506 1401 3574 Sallustium,
1440 3506 1777 3574 Ciceronem,
1815 3508 2093 3576 Ovidium,
2121 3506 2446 3576 Horatium,

410 3575 713 3642 Lucanum,
754 3575 1035 3643 Senecam,
1075 3576 1368 3631 Sidonium
1405 3578 1806 3648 Apollinarem.
1878 3622 1882 3624 .
